2810 4850
169 247 208 308 oe
387 204 389 214 '
462 179 485 294 s
556 233 595 295 n·
613 230 753 298 eveno.
772 225 901 294 rosus.
948 187 951 204 ’
1149 294 1152 299 ,

170 359 205 419 sti
224 353 317 416 verlris
335 373 393 414 uon
411 355 526 490 pugnet,
546 349 624 429 quod
642 347 776 408 uberioris
790 348 894 429 gratioe
908 343 1043 408 desiderio
1056 349 1194 430 usquead
1204 352 1279 416 ottae

170 437 255 516 finem
274 435 373 495 cruens
391 430 411 490 li
430 431 494 489 eles.
518 425 617 508 Neque
635 429 710 487 enirn
727 448 818 507 usquc
837 425 998 565 adplenum
1017 431 1172 490 satietatem
1184 433 1280 514 primo

169 517 265 576 statim
284 513 328 572 die
346 529 398 570 nos
417 509 508 590 poteri
527 507 677 586 significat,
696 507 745 576 sed
763 513 872 566 tuntum
911 525 946 566 oe
963 505 1039 581 vult,
1056 506 1195 590 Spiritum
1215 531 1280 574 san.

170 602 248 654 ctum
266 589 420 652 scatebram
436 603 499 647 esse
518 593 654 666 perpetuo
673 587 820 645 fluentem:
847 586 887 646 its
908 603 967 644 non
990 603 1051 645 esse
1069 587 1228 668 perieulum
1247 597 1281 650 ut

169 677 332 733 exarescant
351 669 399 748 qui
419 665 554 746 spirituali
572 666 661 744 gratie
678 663 805 725 renovati
824 669 897 723 sunt.
923 660 1136 748 Quamviser'go
1149 674 1209 728 toto
1218 669 1279 728 vita

170 753 304 822 sitiamus,
323 753 431 807 certum
449 751 543 803 tamen
562 749 604 802 cst
622 762 681 802 non
698 743 729 803 in
747 763 835 803 unum
854 743 928 802 diem
946 741 993 802 vel
1012 743 1049 802 nd
1066 742 1151 806 breve
1162 745 1280 828 aliquod

170 837 280 909 tempus
299 845 351 885 nos
369 823 505 960 Spiritum
524 823 662 895 hausisse,
687 822 736 900 sed
755 829 788 882 ut
805 828 942 903 perpetuo
961 822 1116 883 smturieur
1133 843 1280 906 nunquam

169 927 221 967 nos
241 905 359 964 deficiat.
396 909 424 960 tn
443 903 541 960 sitiunt
554 907 613 960 totu
622 902 680 960 vita
689 899 795 976 fideles,
814 907 843 961 et
879 901 971 961 uidem
982 901 1126 962 ardenter:
1144 909 1173 962 et
1185 911 1281 965 tumen

168 985 281 1044 vivifico
301 1001 386 1042 succo
401 979 672 1050 interimchuodsnt,
692 981 841 1058 quinquen
886 983 1281 1120 umerrnquerecpperintgrn·

130 1091 133 1100 ·
167 1065 232 1136 lise,
256 1063 285 1121 id
304 1080 353 1122 eos
372 1059 481 1118 assidue
499 1065 620 1140 uegetut,
643 1064 676 1116 ut
693 1077 838 1138 nunquam
857 1059 912 1117 sint
931 1077 1045 1138 prorsus
1064 1062 1107 1122 ari
1126 1081 1144 1119 r.

132 1128 135 1148 '
169 1145 281 1203 satietur
305 1143 358 1200 isto
381 1159 439 1198 non
463 1137 616 1211 desiderio,
644 1136 694 1196 sed
716 1143 828 1197 tontum
851 1137 968 1198 siccitati
992 1141 1153 1220 opponitur.
1223 1139 1282 1201 uod

168 1219 304 1302 proximis
323 1218 415 1277 verbis
434 1215 526 1276 udhuc
545 1217 646 1276 elarius
664 1217 843 1298 exprimitur:
865 1219 932 1277 Fiet
948 1219 1021 1296 suos
1039 1241 1133 1301 σφισι
1150 1222 1281 1280 sotionis

87 1339 104 1360 .,
127 1349 130 1356 .
169 1309 202 1359 tn
220 1307 310 1358 otiam
329 1305 483 1356 ueternum:
529 1295 678 1356 Cuntinus
691 1295 766 1355 euim
788 1301 904 1357 notatur
922 1297 1061 1376 inigctr'o,
1086 1299 1207 1378 quaein
1225 1298 1280 1358 heo

169 1377 282 1438 mortali
301 1382 329 1435 et
348 1375 452 1435 caduce
470 1375 528 1435 vito
552 1375 700 1435 coelestem
728 1377 758 1434 iu
786 1376 840 1434 illis
863 1376 1054 1435 aeternitatem
1077 1377 1162 1437 foret
1212 1375 1281 1438 Non

170 1475 239 1536 crgo
258 1455 302 1532 ad
313 1455 399 1515 breve
417 1461 528 1534 tempus
547 1456 576 1514 iu
595 1473 648 1514 uos
667 1455 729 1513 fluit
748 1453 974 1535 christigratia,
998 1453 1047 1515 sed
1065 1469 1097 1520 se
1115 1455 1151 1514 ed
1169 1455 1282 1526 beatem

123 1543 127 1555 “
170 1551 260 1614 usque
279 1533 514 1596 innronalimcem
534 1533 674 1592 diffimdit:
703 1533 770 1613 quia
787 1535 874 1592 fluere
893 1553 953 1593 nou
971 1532 1085 1608 desinit,
1113 1534 1203 1594 donec
1220 1537 1280 1594 vitu

55 1635 57 1642 '
169 1609 386 1693 incorruptibilis
445 1631 491 1671 sm
509 1611 621 1672 inchoet
640 1613 697 1671 suis
716 1612 845 1672 omnibus
862 1613 988 1672 numeris
1007 1618 1121 1673 constet
1145 1615 1282 1673 Dentis·

131 1721 136 1748 r
170 1714 278 1774 operum
297 1695 380 1752 tuoe.
434 1712 471 1751 on
490 1689 605 1752 dubium
623 1697 667 1752 cst
685 1693 754 1770 quin
774 1691 840 1750 sotis
858 1697 992 1772 agnoscat
1009 1687 1118 1766 mulier,
1136 1690 1283 1752 Ghristum

170 1771 206 1830 de
231 1789 304 1850 equa
328 1771 463 1850 spirituali
481 1769 572 1850 loqui:
598 1770 648 1830 sed
667 1771 733 1850 quia
752 1789 817 1830 cum
836 1771 999 1845 contemnit,
1017 1789 1070 1850 pro
1087 1770 1176 1831 hihilo
1194 1769 1281 1830 habet

170 1868 268 1909 omnes
288 1850 347 1910 eius
381 1851 567 1910 remissiones.
593 1849 760 1909 obstructus
774 1848 1052 1910 enimestdoetrinse
1063 1849 1162 1922 aditus,
1181 1867 1279 1929 quem-

170 1927 219 1986 diu
237 1929 274 2002 is,
292 1931 341 2008 qui
359 1871 492 2009 ihquitun
512 1929 676 1989 auctoritate
695 1928 772 2009 apud
790 1947 843 1987 nos
862 1933 945 1988 caret.
986 1925 1107 2008 Oblique
1120 1926 1280 2008 ergoGhri-

145 2041 149 2054 .
170 2012 245 2065 stum
264 2008 377 2068 incessit
395 2008 504 2080 mulier,
524 2009 581 2068 acsi
600 2007 713 2082 diceret,
732 2006 777 2068 'l’u
795 2006 910 2089 qrridem
928 2005 1016 2066 multe
1033 2007 1129 2082 motos,
1148 2007 1199 2066 sed
1210 2006 1282 2067 nihil

167 2085 269 2144 video:
290 2087 314 2144 si
332 2093 423 2166 potes,
442 2087 553 2168 reipsa
572 2087 695 2148 ostende.

259 2187 311 2253 16.
326 2185 416 2270 Dicit
437 2187 466 2255 ci
487 2187 584 2274 lesus,
605 2189 701 2274 Vade,
721 2209 801 2258 voca
821 2190 924 2258 rimor
944 2197 1044 2275 tuum,
1065 2199 1098 2258 et
1111 2189 1190 2258 'veni
1210 2189 1282 2258 huc

171 2290 222 2359 17.
256 2292 428 2384 Respondit
449 2293 573 2378 mulier,
602 2304 635 2364 et
655 2294 733 2362 dixit
753 2295 805 2378 ei,'
821 2293 896 2362 Non
916 2295 1017 2364 haheo
1039 2295 1150 2362 virum.
1192 2295 1284 2362 Dixit

170 2393 199 2461 ei
220 2395 317 2480 lesus,
340 2395 427 2464 Bene
449 2397 571 2484 dixiste,
593 2422 658 2466 non
680 2398 780 2467 hsbeo
802 2400 921 2467 virum:
956 2401 1008 2469 18.
1029 2399 1175 2492 Quinque
1197 2399 1283 2467 enim

110 2497 113 2512 '
170 2498 254 2565 viros
275 2499 424 2584 nubsisti,
457 2512 490 2570 et
516 2526 600 2570 nunc
621 2528 717 2595 quem
737 2504 847 2589 habes,
879 2527 946 2572 non
968 2515 1016 2573 est
1035 2503 1084 2574 vir
1103 2516 1191 2590 tuus,
1221 2505 1285 2572 hoc

169 2623 244 2670 vere
266 2603 379 2686 dixisti.
425 2605 633 2698 seniensi
654 2609 774 2694 nrulier,
794 2607 941 2694 Domine,
962 2609 1055 2678 rideo
1076 2611 1162 2702 quod
1184 2621 1220 2678 tu
1240 2599 1310 2678 sis‘

170 2705 337 2796 Propheta.
381 2709 435 2776 20.
467 2709 574 2780 Patres
600 2713 698 2781 nostri
723 2715 757 2782 in
782 2724 891 2782 moute
911 2713 974 2784 hoc
1001 2715 1219 2802 adoraverunt:
1251 2725 1285 2782 et

150 2833 230 2878 uos
258 2810 370 2893 dicitis,
396 2817 488 2904 *qnod
510 2817 677 2885 ierusalem
704 2819 745 2904 sit
770 2819 874 2904 locus,
905 2819 959 2888 ubi
982 2831 1125 2912 oporteat
1144 2821 1282 2889 adorare.

171 2916 224 2981 21.
246 2915 331 2984 Dicit
352 2917 380 2984 ei
402 2917 498 3004 lesus,
518 2922 639 3007 Mulier,
660 2923 750 2992 erede
771 2924 858 3009 mihi,
879 2925 966 2994 venit
985 2926 1062 2994 inre
1084 2925 1208 3018 quaudo
1230 2949 1283 2992 ue·

173 3043 235 3108 que
257 3019 289 3086 in
311 3033 419 3090 monte
440 3024 515 3112 hoc‚'
531 3052 634 3120 neque
654 3028 882 3121 Hierosolymis
903 3029 1066 3099 udorehih's
1086 3029 1219 3098 Patrem.

248 3139 295 3201 16.
327 3141 356 3195 V
355 3163 408 3202 ocu
427 3150 521 3202 virum
539 3155 630 3206 tuens.
660 3129 778 3208 Videtur
796 3146 853 3208 hoc
870 3147 941 3208 nihil
958 3147 994 3210 ad
1011 3166 1072 3210 mm
1089 3147 1188 3232 iacere.
1216 3145 1281 3209 Imo

170 3223 488 3359 tenentes
507 3222 662 3364 ittet
679 3227 1101 3384 miiithfflliilfflff
1118 3225 1281 3366 titt:
1395 3231 1396 3236 ‘

143 3412 146 3421 .
169 3373 247 3468 deret
266 3376 427 3472 scurrilibus
446 3378 567 3442 dicteriis
586 3349 677 3478 excipi
696 3385 773 3464 qnod
792 3383 913 3460 dicebat,
942 3393 1041 3466 nptum
1056 3327 1126 3446 huetii
1142 3387 1218 3446 mulo
1236 3403 1280 3445 re·

168 3453 293 3512 medrum
312 3453 446 3515 urlhrhrut.
472 3455 598 3522 Perculit
616 3483 690 3524 erum
706 3465 832 3524 mulieris
851 3465 1046 3526 conscientiam
1060 3465 1168 3544 peccati
1186 3483 1279 3532 sensu.

168 3531 265 3626 lltrpre
284 3531 339 3594 hoc
358 3555 453 3629 rursus
472 3539 646 3618 praeclarum
665 3549 708 3603 cst
721 3543 949 3604 misericordiores
969 3543 1084 3618 echeon,
1096 3541 1281 3638 'quodpropc

169 3619 286 3706 mutum
304 3611 398 3689 trnlut,
419 3633 491 3694 quae
510 3625 610 3700 sponte
628 3621 760 3683 accedere
777 3622 898 3682 nolebat.
1014 3622 1086 3682 illud
1105 3623 1182 3703 quod
1200 3623 1280 3702 rtugi

170 3707 319 3782 praecipue
338 3697 504 3772 notandum,
523 3697 710 3758 vulnerandos
729 3719 790 3760 csse
820 3703 915 3776 ¹ocuti
933 3721 1027 3796 sensu,
1086 3702 1227 3796 ‘nimium
1237 3721 1282 3796 se·

168 3775 369 3922 {iiiiii
387 3775 1043 3940 tttttlttttttnhtttttttt
1061 3779 1281 3940 iffihihil
1328 3830 1333 3836 ’

169 3939 248 3980 mere
275 3927 410 4018 tanquam
434 3931 558 4026 iudicem
571 3941 728 4029 sepontus.
776 3935 809 3996 In
827 3937 903 3998 hunc
921 3938 1041 3999 modurn
1057 3937 1194 3998 tractandi
1213 3945 1282 3998 suut
1394 3927 1395 3934 ἵ

169 4017 268 4058 ornnes
314 4079 320 4094 ⁸
355 4009 462 4068 seurnh
481 4029 532 4070 suo
551 4011 694 4074 drcscrtcte
712 4015 844 4078 adversus
854 4016 959 4077 Christi
968 4017 1124 4078 doctrinam
1136 4018 1282 4098 insurgere
1394 4025 1395 4076 4

86 4149 91 4178 ἱ
168 4095 227 4136 non
256 4075 273 4136 d
313 4085 400 4155 runt,
425 4089 606 4164 utfscutiunt
627 4111 686 4152 non
709 4096 823 4175 impunc
842 4095 898 4156 hoc
916 4096 969 4156 sihi
989 4115 1141 4159 cessurum.
1189 4093 1280 4156 'lanta
1394 4101 1395 4140 ³

169 4156 427 4252 ‘fiamfflffllifflm
445 4169 619 4230 contumacia
637 4178 694 4248 est,
722 4181 756 4234 ut
773 4177 941 4236 audientiam
964 4175 1005 4236 illi
1023 4193 1168 4258 nunquam
1188 4175 1281 4236 daturi

128 4322 132 4330 ι
168 4240 225 4293 srnt
243 4255 297 4294 mss
316 4238 452 4335 nolenter
467 4245 580 4308 suhncti.
604 4247 680 4333 Ergo
689 4253 798 4332 quoties
806 4255 956 4351 insipidum
967 4255 1094 4316 videmus
1104 4275 1165 4316 esse
1175 4253 1281 4331 Christi

169 4313 274 4407 oleum,
294 4323 373 4376 aceto
392 4327 566 4414 suscendum
584 4335 636 4403 est,
655 4337 686 4390 ut
705 4351 801 4412 sepem
819 4335 873 4394 iuer
895 4333 940 4395 iet
969 4333 1041 4408 lmo,
1059 4333 1209 4396 hocnohis
1220 4353 1280 4394 om·

168 4391 251 4452 rubus
269 4411 456 4459 necessrnum
469 4411 521 4482 est,
539 4425 631 4488 nequo
643 4409 719 4472 enim
732 4413 804 4474 serio
814 4411 952 4475 afficimur
959 4413 1094 4496 loquente
1103 4413 1218 4488 Christo
1227 4412 1280 4474 nisi
