2742 4856
356 257 359 264 ,
381 199 383 202 ’
512 206 640 274 caetu
658 207 738 276 xm.
1115 231 1175 295 256

38 323 101 380 um
122 317 181 378 isa
203 335 265 378 non
287 315 361 378 uva
380 326 455 398 oroi,
474 325 553 404 quoa
568 324 601 388 in
620 326 790 392 formidabili
809 309 1095 418 insumpsimus,
1124 345 1176 424 ,a

38 397 78 457 ad
99 395 288 458 resistendum
307 401 432 482 prompti
452 409 481 464 et
499 404 629 467 ardentes
648 407 719 468 nihil
739 409 919 488 omittebant,
942 420 1040 482 tamen
1059 421 1174 482 medis.

39 482 108 536 rant
132 478 183 556 qui
205 475 302 556 palum
321 487 479 542 assererent
498 479 643 549 Christum
664 491 865 566 resurrexisse,
885 499 915 554 et
929 495 1049 576 ηιιῑᾶοιιι
1068 499 1174 562 oeului

38 561 135 616 esseut
155 555 216 616 eius
234 556 277 615 rei
296 563 395 618 testes:
419 578 486 620 uam
504 565 529 624 sl
548 584 605 646 qua
623 565 722 630 luisset
741 568 778 631 ad
795 589 913 634 manum
931 573 1084 656 refutatio,
1108 597 1172 642 eam

38 635 157 696 minime
181 633 290 697 scribae
313 637 512 720 neglexissent.

126 790 182 857 32.
226 789 270 858 Et
302 813 363 862 uos
390 795 482 864 vobis
512 800 777 891 evangelizamus,
810 809 898 897 qirod
923 775 1170 900 promissionem

36 894 182 986 patribus
215 895 338 965 usum.
387 899 441 968 33.
468 902 559 972 Deus
586 905 763 998 impleverit
790 911 863 980 liliis
891 935 1019 1003 eorum,
1053 941 1170 1012 nempe

43 1001 158 1070 nobis:
185 1002 318 1070 excitato
339 1001 428 1091 lesu,
461 1008 544 1078 sicut
563 1009 598 1078 iu
618 1011 744 1084 Psalmo
766 1018 906 1086 seeundo
934 1025 1085 1116 seriptum
1111 1037 1181 1113 est,
1289 1049 1294 1056 ’

37 1106 142 1174 Filius
163 1131 252 1176 ruens
274 1119 376 1194 estu,
399 1135 459 1204 ego
481 1114 576 1188 hodie
597 1120 692 1214 genui
712 1131 753 1190 te.
785 1116 839 1190 34.
861 1124 959 1212 Quod
980 1140 1089 1199 autem
1111 1157 1167 1200 err-

38 1211 182 1280 citaverit
212 1237 287 1281 eum
314 1237 355 1283 ex
382 1221 531 1306 mortuis,
563 1245 629 1291 nou
654 1249 855 1296 reversurum
883 1231 1017 1320 posthae
1042 1231 1076 1304 iu
1097 1235 1159 1307 ‘cor

37 1318 227 1409 ruptionem,
248 1320 295 1388 sic
316 1321 402 1407 dixit,
422 1323 516 1395 Dabo
537 1329 628 1398 vobis
650 1343 757 1401 sancta
767 1332 873 1402 David
896 1335 1006 1407 fidelia.
1028 1341 1081 1410 35.
1092 1339 1156 1411 Pro

35 1435 143 1515 pterea
176 1435 209 1494 et
240 1425 312 1494 alibi
340 1427 424 1498 dcii:
466 1431 541 1503 Non
568 1437 729 1527 pemrittes
756 1438 910 1509 Sanctum
938 1445 1166 1538 taurus-ridere
1201 1507 1204 1512 ,

35 1521 281 1622 corruptionem.
325 1534 378 1604 36.
400 1535 516 1606 David'
534 1543 662 1632 pidem
690 1567 790 1634 quum
811 1567 888 1615 suae
910 1547 1003 1615 aetati
1022 1547 1167 1620 inservis

35 1645 93 1702 set
117 1637 248 1708 consilio
271 1637 333 1708 Dei
356 1641 555 1732 obdormirit,
576 1658 608 1716 et
628 1651 793 1740 appositus
815 1661 865 1726 est
885 1651 926 1721 ad
946 1664 1053 1744 partes
1075 1679 1164 1740 suos,
1192 1720 1195 1728 ,

35 1742 175 1833 viditque
197 1746 440 1837 corruptionem.
462 1751 517 1822 37.
538 1751 643 1841 Quem
665 1765 771 1825 autern
791 1755 881 1826 Deus
904 1757 1068 1846 excierit,
1095 1786 1162 1844 nou

35 1847 113 1914 vidit
134 1853 376 1943 corruptionem.

114 1995 161 2056 32.
188 1997 277 2058 Vobis
294 2005 538 2084 eoougettaomuo.
556 2005 617 2068 Iam
636 2007 688 2068 sibi
707 2025 810 2070 inimus
830 2015 859 2069 et
877 2007 1016 2073 honorem
1034 2007 1160 2092 Aposto-

35 2071 123 2133 lieum
141 2075 281 2152 vindieat,
305 2087 338 2140 ut
358 2087 493 2164 tauquam
511 2085 652 2168 legitimus
671 2087 728 2148 Dei
746 2089 873 2158 minister
891 2089 1030 2153 audistin.
1070 2089 1159 2172 Lega-

35 2153 121 2212 tionis
138 2173 208 2216 vero
227 2157 281 2216 sibi
299 2159 440 2223 iniunctae
460 2183 599 2227 summam
618 2187 681 2228 esse
700 2167 776 2242 dieti,
795 2167 954 2232 exhibitum
967 2187 1026 2250 suo
1045 2171 1160 2232 meanto

35 2231 128 2307 luisse,
148 2235 226 2315 qnod
244 2236 324 2298 Deus
343 2242 412 2301 olim
431 2245 605 2322 promiserat.
640 2245 743 2306 Paucis
761 2253 857 2308 autem
874 2247 968 2308 verbis
987 2248 1093 2310 multas
1112 2271 1159 2315 res

35 2317 63 2371 at
81 2332 197 2394 maguae
216 2318 438 2398 comprehendit
457 2321 555 2384 Primo
574 2325 713 2407 signifieat
730 2325 800 2386 nibil
820 2345 851 2386 se
869 2345 978 2388 norum
990 2328 1037 2388 rel
1056 2327 1160 2410 abege

35 2397 62 2450 et
81 2391 231 2474 Prophetis
250 2397 373 2460 alienum
391 2402 528 2481 ingerere,
544 2405 597 2466 sed
616 2406 676 2465 eius
695 2406 840 2466 doetrinae
859 2406 1099 2487 complementum
1108 2428 1159 2504 pa:

35 2470 167 2547 elusere,
195 2494 280 2554 quam
303 2479 360 2560 ipsi
388 2480 521 2544 divinitus
551 2485 683 2546 traditam
715 2503 776 2546 esse
799 2484 959 2546 latabantur
983 2491 1013 2546 ei
1031 2506 1159 2566 persuasi
1223 2539 1226 2546 .

35 2557 127 2610 erant:
156 2555 230 2614 uude
248 2561 388 2639 sequitur,
407 2581 466 2621 non
483 2582 569 2643 posse
587 2564 622 2624 ab
642 2565 697 2625 illis
716 2565 792 2624 reiiei
810 2564 889 2644 quod
907 2567 1058 2660 proponit,
1081 2568 1159 2646 quisi

35 2630 134 2690 loedus
153 2639 361 2718 compatribus
380 2657 397 2698 a
417 2639 481 2700 Deo
501 2645 650 2722 muitum,
669 2652 807 2725 quantum
826 2645 856 2704 iu
875 2663 906 2704 se
925 2651 988 2720 erit,
1006 2643 1157 2728 abrogent:

35 2709 134 2770 leinde
151 2711 235 2776 fidem
249 2715 306 2777 Dei
324 2717 510 2796 commendat,
530 2724 598 2804 quia
616 2744 693 2786 nune
712 2725 826 2786 demum
844 2742 876 2784 re
894 2724 957 2805 ipsa
976 2729 1096 2802 ussewi,
1115 2725 1157 2786 ni·
1217 2733 1226 2742 ·

35 2789 70 2848 iil
92 2796 195 2854 temere
213 2797 260 2856 rel
278 2797 382 2858 frustra
402 2800 469 2860 olim
488 2801 575 2864 uisse
594 2805 761 2886 pollicitum.
781 2803 831 2864 sed
848 2805 1000 2885 praecipue
1013 2807 1154 2900 maguitu-

35 2870 125 2930 liuem
143 2875 254 2937 extollit
272 2879 378 2958 gratiae
396 2879 427 2940 lu
441 2879 556 2945 Cluisto
575 2885 691 2946 demum
710 2883 858 2946 exlubitae
878 2879 1010 2944 Nolendo
1024 2904 1101 2946 enim
1113 2905 1155 2946 ru-

35 2953 755 3104 i;.i¹'i⁰⁸s.i.t²itiitiii⁰illidii
771 2963 897 3102 diii.
910 2963 1079 3104 bitti.
1109 2985 1155 3103 ‘i

35 3113 154 3189 bouitas,
182 3133 218 3174 eo
242 3058 352 3178 loddior
369 3083 497 3200 ipsiorum
515 3062 687 3200 idgratitudo
706 3123 803 3181 lutura
823 3062 879 3214 dit,
908 3120 933 3178 si
951 3119 1155 3215 inaestimabile

35 3209 135 3250 ionum
155 3197 296 3276 aspernati
315 3198 421 3258 luerint
439 3205 490 3259 aut
507 3199 685 3261 fastidierint.
705 3200 784 3279 Quid
803 3217 879 3258 enim
898 3196 954 3292 boe
972 3199 1051 3292 alind
1069 3207 1153 3294 esset,

35 3271 386 3420 [dudmadthedddguddddedd
403 3279 891 3442 a‘dmpdrdnddedd‘drddtdddlnoddddsqdlud
907 3277 1153 3422 lddtdddddtddpddd.

35 3430 102 3489 rlexi
126 3373 183 3492 sind
200 3442 308 3516 patres,
337 3443 367 3496 et
389 3399 450 3498 dota
474 3439 534 3498 viia
552 3442 691 3520 patienter
709 3439 852 3502 foverint?
874 3435 942 3529 Sed¹
952 3437 1096 3514 quaeritur
1110 3437 1152 3532 ‚du

35 3511 56 3568 is
82 3511 137 3589 qui
152 3513 205 3573 sub
224 3513 299 3596 Lege
318 3519 465 3592 vixerunt,
487 3538 583 3580 auuou
607 3521 616 3579 i
637 3521 661 3580 si
680 3539 795 3616 quoque
813 3516 1152 3610 promissionumnsueraut

35 3595 191 3670 ompotes?
227 3593 416 3677 Respondes,
439 3597 526 3660 talem
549 3541 676 3661 eiusdem
694 3607 768 3660 anter
785 3618 840 3658 nos
859 3602 964 3678 pauso
983 3603 1151 3656 societatem

35 3687 95 3741 sse,
116 3689 189 3750 qrrae
204 3679 301 3736 tamen
320 3677 434 3758 longam
454 3677 615 3740 distendam
632 3700 692 3741 non
711 3679 855 3760 impediat.
888 3673 946 3735 Sed
966 3673 1073 3735 Paulus
1092 3675 1149 3735 boe

35 3767 115 3808 inum
132 3753 275 3836 intelligit,
295 3775 461 3838 suspensam
480 3759 690 3841 quodaminodo
709 3760 796 3821 fuisse
814 3775 915 3820 eorum
932 3753 1033 3826 fidem,
1044 3755 1149 3849 ,dm
1259 3781 1262 3788 “

35 3827 155 3890 lhristus
179 3837 325 3916 apparuit,
355 3837 385 3897 in
431 3859 468 3902 uo
493 3859 592 3902 omues
615 3839 673 3901 Dei
697 3840 898 3922 promissiones
917 3841 984 3894 suist
1003 3830 1149 3930 Etiamsi

35 3926 129 3969 imeri:
148 3913 222 3973 sieut
241 3915 325 3978 docet
343 3915 378 3977 11.
426 3919 529 3980 onntlr.
550 3926 577 3983 1:
598 3923 648 3983 19.
667 3925 715 3984 20.
744 3918 878 3980 Eiusdem
897 3933 965 3993 &8⁰
984 3933 1064 3994 ῐ2321
1084 3933 1147 4010 ‚⁰⁰0·

35 3989 98 4048 estis
127 3989 263 4056 haeredes
285 4017 398 4074 suiuus,
427 4005 456 4059 et
484 4007 629 4061 consortes
651 4001 838 4082 spiritualium
861 3997 1015 4088 bonorum,
1044 3992 1148 4090 quibua
1253 4065 1258 4072 .

35 4073 101 4127 teus
124 4071 200 4134 lilios
224 4083 318 4137 ornat:
343 4079 449 4138 amoris
472 4081 557 4140 etiam
583 4081 628 4140 sui
649 4087 764 4163 gustum
782 4079 837 4138 illis
855 4075 937 4135 Deus
955 4091 986 4132 on
1005 4080 1147 4169 praesenti

35 4151 77 4209 itu
97 4151 243 4230 praebuit,
271 4158 356 4218 sicuti
374 4175 440 4219 eum
459 4179 536 4220 nune
555 4167 709 4240 gratamur.
749 4159 808 4220 Sed
819 4154 971 4254 ’cinisium
1001 4173 1051 4232 (1¹1¹
1071 4161 1148 4249 ylla&
1194 4194 1197 4202 ¹

35 4235 150 4292 eternae
174 4239 205 4294 et
228 4235 370 4298 bonorum
388 4239 515 4300 omnium
535 4239 690 4300 substantia
708 4245 767 4313 est,
786 4238 841 4299 rlbs
860 4237 971 4296 tantum
989 4251 1146 4313 promissus

35 4311 197 4384 rat‚,uobis
216 4315 300 4378 datiis
319 4325 377 4378 esti
395 4324 426 4379 et
443 4337 511 4383 eum
528 4318 786 4402 tauqunmproeal
805 4317 950 4382 absentem
966 4313 1146 4395 expelebfflb

35 4410 70 4452 os
90 4401 270 4473 praesenr-
290 4396 458 4479 obtinemus.
