2838 4848
107 177 114 202 ¹
211 155 263 272 ‘73
612 190 958 268 incrassatorum

168 323 170 330 ’
224 329 396 404 aetemamr
423 327 458 383 ut
485 316 596 406 etqui
627 319 773 402 seminat,
803 317 897 386 simrrl
924 319 1069 411 gaudeat,
1097 332 1129 390 et
1157 293 1212 414 qui
1239 303 1335 396 metit
1412 397 1413 422 3

225 425 277 492 st.
296 423 331 490 ln
346 424 408 492 hoe
424 421 508 488 enim
525 431 573 490 est
587 441 690 490 sermo
705 447 808 510 verus,
823 424 910 516 quod
925 424 1003 493 alius
1018 437 1067 494 est
1079 427 1133 519 qui
1143 430 1288 514 seminat,
1305 445 1338 500 et

1411 291 1413 334 l

224 530 302 598 alius
321 528 375 619 qni
389 527 487 594 metit.
518 525 571 596 38.
586 525 655 620 Ego
671 528 741 596 misi
751 551 810 604 vos
825 529 865 596 ad
881 531 1079 628 metendumr
1103 535 1189 625 qnod
1200 559 1260 604 vos
1271 561 1337 605 non
1412 527 1413 534 ¹

224 631 391 717 laborastis,
412 632 462 700 alii
482 633 706 716 laboraverunt,
727 645 759 702 et
780 657 839 702 vos
860 634 893 732 in
913 635 1036 716 labores
1052 661 1162 708 eonnn
1175 640 1337 712 introistis.
1412 639 1413 690 ἓ

300 795 347 858 35.
385 785 493 856 Nonne
512 755 616 856 dicitis.
655 791 839 876 Prosequitur
857 765 1029 880 snperibrem
1049 802 1223 864 senentiam.
1259 802 1338 882 Quia
1412 807 1413 856 ἰ

147 889 150 902 ’
222 876 298 936 eninr
317 873 385 934 nihil
404 874 456 934 sibi
474 877 552 954 prius
571 894 631 934 esse
650 875 773 951 dixerat,
792 895 879 956 qnam
896 877 1032 960 perlicere
1052 899 1125 958 opus
1139 879 1240 956 Patris,
1260 903 1338 942 nnnc

223 953 344 1018 ostendit
363 973 448 1034 quarn
467 955 505 1014 sit
526 951 598 1012 illud
616 961 771 1030 maturum,
794 956 879 1036 idque
903 957 970 1032 facit
994 960 1205 1038 comparatione
1229 964 1336 1022 messis
1412 981 1413 1008 1

92 1063 98 1072 ’
221 1031 312 1096 Sicuti
329 1034 405 1092 enim
422 1030 471 1092 ubi
490 1031 625 1106 maturuit
643 1052 730 1116 reges,
749 1037 848 1095 messis
866 1036 939 1096 serre
958 1056 1068 1098 moram
1082 1045 1251 1118 nonpotest,
1311 1043 1337 1100 'a
1412 1067 1413 1110 1

221 1113 326 1194 alioqui
347 1123 433 1193 grana
451 1110 639 1185 conddcrent,
657 1114 697 1172 ita
715 1133 790 1174 nnnc
809 1119 919 1176 matura
932 1115 1070 1196 spirituali
1079 1115 1161 1197 fruge
1170 1118 1268 1178 tardarr
1289 1140 1335 1178 nm
1412 1177 1413 1184 ,

221 1211 320 1254 essen
354 1199 393 1267 at,
412 1191 479 1272 quia
497 1190 632 1250 damnosa
650 1193 688 1253 sit
707 1194 833 1254 cessatio.
862 1192 998 1255 Videmus
1018 1214 1156 1274 quorsum
1168 1197 1336 1258 adductasit
1412 1209 1413 1268 1

221 1271 335 1332 similitu
355 1289 381 1346 o,
400 1289 466 1330 nem
486 1269 553 1329 aad
567 1270 777 1351 exprimendam
786 1271 969 1333 fesdnationis
976 1293 1101 1338 ¹cansam.
1119 1273 1263 1336 Particula
1271 1276 1335 1352 bac,
1412 1285 1413 1322 t

220 1373 315 1412 amnne
333 1351 438 1424 dicitis,
458 1290 571 1428 datique
588 1356 688 1410 notare
707 1351 805 1426 voluit,
825 1359 932 1432 quanto
948 1353 1111 1414 attentiores
1124 1353 1335 1414 sinthominunr

220 1429 306 1490 animi
325 1428 361 1488 ad
379 1448 424 1490 ass
434 1435 557 1490 terrenas
567 1447 653 1509 quam
661 1429 805 1505 coelestes,
820 1433 861 1490 sic
869 1431 945 1492 enim
954 1433 1051 1492 messis
1061 1425 1337 1494 desiderio‘aestuant
1412 1457 1413 1468 ¹

220 1515 254 1570 nt
272 1509 355 1568 anxie
374 1513 529 1590 supputent
547 1528 656 1569 menses
675 1529 708 1570 ac
727 1509 795 1582 dies,
808 1511 921 1580 interea
938 1512 970 1572 in
988 1511 1147 1594 colligendo
1166 1513 1260 1574 tritico
1272 1533 1337 1572 eon·
1412 1567 1413 1580 ,

183 1611 186 1628 ¹
219 1589 283 1648 lesti
302 1589 406 1648 minrnr
424 1594 458 1648 ut
475 1594 506 1648 to
542 1595 613 1648 eant.
656 1589 684 1648 A
736 1588 844 1650 ebanc
867 1591 1035 1671 pravitatem
1057 1609 1116 1652 non
1139 1591 1232 1652 solnm
1255 1592 1337 1652 nobis

220 1765 288 1808 nsus
306 1748 406 1841 arguit.
436 1745 509 1806 Nam
528 1767 618 1826 quum
636 1766 733 1807 ornnes
752 1749 878 1808 terrestri
896 1750 972 1810 vitae
989 1748 1336 1888 intorprmcprospiciant,

128 1832 132 1842 “
219 1845 306 1966 finam
324 1826 495 1906 negligenter
514 1825 650 1886 derebus
670 1827 770 1886 divinis
789 1829 963 1907 cogitamus?
981 1827 1031 1888 Sic
1049 1829 1085 1888 ali
1105 1830 1115 1887 i
1160 1829 1337 1910 uistnsipsc,

6 1703 7 1730 1
133 1670 137 1684 '
220 1685 280 1728 esse
298 1667 459 1749 ingenitam,
478 1685 509 1726 se
547 1659 685 1727 vitraco
721 1667 782 1728 'bus
800 1671 904 1730 nostris
923 1669 1021 1730 revelli
1040 1689 1132 1751 posse,
1156 1669 1337 1751 ‹protidianus

248 1907 401 1986 ypocritae,
421 1923 473 1964 vos
493 1915 531 1964 c'x
549 1905 620 1966 coeli
638 1905 709 1966 iacie
727 1905 856 1967 indicatis
875 1907 965 1988 qualis
984 1908 1095 1984 iuturus
1108 1909 1151 1968 sit
1169 1907 1229 1968 dies
1239 1911 1338 1968 crasti-
1412 1967 1413 1988 ,

219 2005 283 2060 nus,
302 1992 415 2065 tempus
434 1990 529 2044 autem
547 1985 714 2046 visitationis
733 2005 889 2047 mesenen
908 1988 1058 2068 agnoscitis
1077 1985 1192 2078 (binah,
1200 1990 1249 2063 16,
1264 1987 1315 2066 3.).

296 2067 345 2128 36.
383 2064 425 2125 Ee
442 2073 495 2160 put
512 2073 592 2126 1111111
611 2067 765 2126 mercedem
784 2074 900 2148 accipit.
948 2065 1014 2128 Alio
1038 2073 1204 2147 argumento
1223 2065 1336 2147 probat,

219 2163 305 2228 quaro
320 2133 421 2204 'sedrdo
440 2142 603 2206 mconrbere
620 2161 674 2204 nos
693 2143 791 2205 deceat
808 2147 839 2206 in
858 2165 930 2228 opns
949 2143 1013 2221 Dei,
1033 2149 1099 2227 qnia
1118 2147 1225 2206 scilicet
1242 2146 1339 2226 'ampla
1412 2201 1413 2220 ,

218 2233 249 2287 ct
272 2222 419 2306 splendida
442 2221 534 2284 labori
557 2226 680 2362 reposita
704 2226 740 2284 sit
764 2244 880 2286 merces.
927 2224 1063 2286 Fructum
1086 2228 1162 2287 enim
1186 2227 1338 2306 promittit,
1412 2263 1413 2276 ,

218 2322 343 2385 eumque
358 2322 419 2364 non
438 2303 592 2382 corruptibi
605 2323 659 2377 em,
678 2323 732 2364 nac
751 2303 897 2376 caducum.
927 2303 1014 2383 Qnan
1149 2303 1186 2364 od
1196 2303 1339 2364 defructu

218 2385 340 2459 subiicit,
358 2381 487 2442 bilariam
506 2383 610 2462 exponi
629 2387 730 2463 potest,
750 2383 796 2443 vel
816 2391 849 2443 ut
867 2385 904 2444 sit
922 2403 1014 2444 meree
1035 2385 1057 2442 's
1070 2384 1122 2444 dee
1133 2384 1230 2458 111111,
1249 2390 1340 2463 atque
1412 2439 1413 2454 ,

217 2467 258 2524 ita
276 2463 319 2522 bis
338 2461 413 2522 idem
432 2461 535 2521 diecret
554 2461 671 2521 diversis
690 2461 790 2537 verbis,
810 2463 857 2522 vel
866 2469 908 2526 ,ut
922 2463 1100 2540 commendet
1111 2482 1211 2524 corum
1220 2482 1338 2543 operam

244 2641 280 2704 go
299 2621 372 2701 clegi
390 2639 452 2695 vos,
470 2621 591 2680 utentis
610 2627 641 2681 et
658 2619 781 2681 fruetrun
800 2622 930 2698 alteratis,
949 2629 980 2682 et
993 2622 1336 2682 trncnuvestermancat.

217 2698 257 2760 Et
275 2719 342 2760 sane
360 2698 442 2760 verbi
459 2701 593 2759 ministris
613 2706 709 2760 utrum
750 2720 765 2760 e
783 2703 811 2762 in
831 2707 910 2762 entes
929 2701 1031 2762 addere
1049 2703 1159 2763 animos
1178 2699 1273 2774 debet,
1298 2720 1338 2760 nc

218 2799 345 2860 unquam
363 2778 415 2840 sub
435 2777 531 2840 labore
549 2779 686 2854 fatiscant,
725 2801 775 2840 nm
793 2723 846 2840 ribi
864 2787 992 2862 paratam
1011 2800 1072 2842 csse
1090 2783 1121 2842 in
1141 2781 1338 2862 ooclngloriac

218 2877 353 2920 coronam
370 2858 498 2934 autliunt,
516 2864 545 2917 et
564 2857 656 2918 sciunt
673 2859 798 2920 fructum
816 2861 913 2920 messis
932 2879 1001 2920 susc
1015 2867 1073 2921 nbn
1082 2861 1237 2942 pretiosum
1246 2859 1338 2920 modo

218 2937 280 3000 lora
299 2956 396 2998 coram
413 2936 494 3012 Deo,
518 2937 671 2999 sedetiam
691 2945 842 3000 aeternum
891 2939 924 3000 In
950 2937 1029 3000 buno
1056 2939 1141 3000 smem
1190 2941 1275 2998 assim
1303 2939 1338 2997 in

218 3019 365 3098 Scriptura
384 3017 520 3078 mercedis
543 3015 606 3078 fieri
628 3019 702 3079 solet
723 3019 844 3093 mentio,
872 3039 930 3079 non
953 3026 1046 3080 antem
1070 3019 1189 3078 utine
1213 3037 1339 3098 operum

218 3099 318 3160 merita
336 3099 541 3168 aestimentur..
564 3096 637 3176 Quis
656 3099 731 3158 enim
750 3098 829 3158 sind
848 3099 988 3158 caleulum
1012 3105 1127 3158 ventura
1145 3097 1248 3170 ¹fuerit,
1273 3117 1338 3156 non

125 2551 131 2560 '
216 2540 344 2683 pnrDei
362 2561 481 2621 regnum
499 2539 681 2620 locupletant,
700 2541 936 2621 quemadmbdum
950 2539 1338 2624 repctctinlracap.15,16·‚
1412 2591 1413 2594 η

217 3195 310 3318 poena
337 3177 466 3257 ignavlm
489 3178 577 3258 magis
600 3197 686 3256 quam
709 3178 868 3318 diligentiae
891 3173 1014 3258 praemio
1038 3178 1138 3259 dignus
1160 3175 1338 3256 reperietur?
1412 3239 1413 3246 ,

242 3277 293 3339 rgo
312 3257 426 3337 optimis
446 3258 579 3338 operariis
593 3257 666 3316 nilril
683 3263 758 3318 resta
777 3259 798 3316 it
817 3258 893 3318 aliud
912 3259 966 3316 nisi
984 3263 1017 3316 ut
1036 3257 1174 3340 supplices
1189 3253 1338 3316 adraniae

218 3337 442 3419 deprecationem
460 3335 635 3418 wnfuglant,
658 3336 708 3396 sed
728 3336 868 3397 Dominus
888 3337 937 3418 qui
955 3343 1072 3417 paterne
1113 3351 1117 3362 ¹
1152 3338 1242 3396 iseum
1264 3336 1337 3430 agit,

216 3423 250 3479 ut
268 3423 395 3478 1111111111
412 3417 553 3498 ignaviam
572 3417 694 3497 corrigat
711 3423 740 3476 ct
758 3436 811 3478 nos
831 3415 886 3476 alio
906 3415 937 3478 ui
954 3435 1054 3497 perum
1165 3422 1208 3475 tos
1230 3415 1337 3474 metans

107 3518 111 3526 ·
215 3499 337 3572 animet,
366 3497 516 3576 gratuitam
541 3495 697 3558 mercedem
720 3497 872 3578 rependere
911 3497 1029 3576 'gratur
1077 3493 1169 3563 Porro
1188 3494 1244 3556 boe
1262 3493 1336 3553 adeo
1412 3521 1413 3532 ¹

216 3598 276 3640 non
294 3577 397 3638 evertit
414 3575 480 3636 fidei
498 3577 642 3650 iustitiam,
660 3583 694 3635 ut
711 3579 806 3656 potius
825 3575 956 3636 stabiliat.
975 3573 1063 3644 ‚Unde
1077 3577 1152 3636 eninr
1165 3573 1199 3634 fit
1213 3575 1336 3652 utqnie
1412 3625 1413 3630 ,

199 3665 304 3740 'qnam
322 3659 352 3716 in
371 3655 452 3716 nobis
465 3655 549 3736 rprod
567 3662 759 3714 remuneretur
777 3651 1268 3734 inveniatDeus,.nisiquia‘Spiritn
1281 3672 1337 3712 nos
1412 3693 1413 3728 ,

217 3736 415 3798 suodonavit?
432 3736 522 3872 Atpui
531 3727 678 3814 Spiritum,
693 3731 804 3794 arrham
816 3733 974 3814 pignusque
982 3733 1140 3814 adoptionis
1150 3751 1210 3792 esse
1221 3733 1336 3790 seimus.
1412 3737 1413 3810 1

216 3809 359 3889 Secundo,
377 3812 452 3872 unde

493 3820 505 3872 t
523 3819 556 3870 ut
574 3813 680 3872 mutilis
699 3817 729 3871 et
746 3814 855 3872 vitiosis
869 3807 1336 3894 operibustantunrhorrnrisDeas
1412 3853 1413 3870 r

93 3949 96 3954 .
217 3894 320 3954 babeat
337 3894 392 3954 nisi
411 3893 489 3972 quia,
519 3895 669 3971 postquam
693 3911 746 3951 nos
765 3891 817 3952 sibi
835 3895 921 3973 gratis
939 3890 1240 3966 reconciliarit,'vitia
1260 3908 1336 3970 quae
1412 3921 1413 3944 1

218 3972 476 4054 operibus'nostris
501 3969 652 4030 adbaerent
675 3990 733 4030 non
757 3973 923 4052 imputando
952 3979 1064 4053 praeter
1087 3971 1178 4032 ullum
1201 3971 1335 4046 meritum
1412 3961 1413 4026 3

217 4058 334 4192 accepta
352 4049 453 4112 babet?
490 4049 608 4110 Summa
626 4049 709 4110 buius
727 4049 782 4111 luci
801 4058 853 4127 cst,
872 4051 1012 4114 Laborem
1032 4069 1118 4132 quem
1136 4049 1263 4110 docendo
1282 4049 1335 4106 im.

217 4153 273 4214 pen
292 4137 344 4191 unt
361 4127 492 4270 Apostoli
510 4129 625 4190 minime
643 4129 745 4190 durum
763 4137 813 4194 aut
830 4150 944 4212 gravem
965 4129 1067 4194 debere
1086 4131 1144 4192 illis
1153 4147 1223 4204 esse,
1243 4146 1336 4206 quum

219 4212 270 4290 sibi
289 4217 348 4271 tam
367 4207 479 4282 uilem,
499 4207 614 4269 Christo
633 4213 662 4269 et
679 4207 821 4270 Ecclesiae
839 4211 1016 4272 fructuosum
1035 4229 1096 4271 csse
1115 4212 1213 4270 sciant.
1249 4209 1290 4266 Ut
1307 4215 1335 4266 ot
1412 4201 1413 4292 1

218 4301 269 4376 qni
287 4299 418 4352 seminet.
456 4287 508 4350 His
527 4284 619 4349 verbis
638 4287 916 4364 admonethristus,
934 4291 998 4349 sine
1014 4291 1182 4370 cuiusquam
1193 4287 1256 4347 fore
1266 4305 1335 4365 qne-

218 4369 336 4434 rinronia
355 4367 431 4450 qnod
441 4367 570 4448 Apostoli
591 4369 696 4431 alienae
714 4369 839 4432 culturae
856 4371 980 4430 tructam
995 4369 1135 4452 colligant.
1156 4365 1335 4448 Atapnebacc
