2700 4844
453 208 584 274 CAPUT
601 207 716 273 XXVI.
850 153 852 161 Ι
1053 231 1061 250 f
1095 215 1156 284 469

20 327 130 390 stillam
144 330 179 388 et
196 324 287 388 ritem
308 321 471 388 hominibus
494 326 657 408 acquirere:
682 325 810 394 irnctnm
829 331 927 392 antem
943 329 1157 392 martionis

20 415 54 470 et
73 408 176 470 morlia
195 411 256 468 hm
274 404 386 466 ludaeis
404 425 492 488 qnam
510 406 642 489 'gentibus
660 425 724 469 esse
742 425 933 470 communem.
955 407 1048 490 Atqrd
1066 429 1157 492 quam

19 487 135 550 nullum
161 487 192 548 in
209 485 288 568 lega
306 487 407 547 mortis
425 486 474 547 uel
492 487 705 548 resurrectionis
723 487 883 550 clarum'et
901 486 1032 562 literale,
1054 495 1088 550 ut
1106 507 1157 552 ro-

19 575 95 644 cant,
114 567 309 662 testimoninm
327 571 430 640 exstet,
450 565 567 662 dubium
585 587 646 628 non
665 573 718 662 est,
738 568 808 648 quin
827 567 984 630 doctrinam
1004 566 1158 666 habuerint

19 643 1158 808 unlutreiste?redundantibus

19 807 233 886 sicutinounisi
261 805 399 868 extante
418 805 468 866 illo
487 803 669 881 hauriebant,
692 807 734 868 ita
757 805 844 868 iidem
867 807 996 870 iecerunt
1020 827 1074 868 auo
1093 824 1156 868 sae·

18 886 100 962 culo,
127 885 199 948 nihil
223 905 255 947 se
277 904 387 948 novum
412 885 459 946 vel
477 885 601 946 Qum
624 883 742 946 ahlose
764 885 885 947 tradere.
930 886 992 948 lam
1015 905 1086 950 vero
1104 891 1157 948 aui

18 985 101 1026 snam
119 965 280 1048 apologiam
298 985 357 1026 nou
376 963 499 1026 absolvit
517 964 639 1040 Paulas,
665 972 716 1026 aut
734 965 888 1028 illustriora
905 967 1070 1026 testimonia
1095 963 1155 1025 ool-

18 1046 87 1126 legit
105 1063 206 1108 eoram
225 1045 367 1119 omnium,
391 1046 422 1107 ia
440 1043 545 1126 quibus
563 1045 711 1128 professus
728 1043 838 1122 luerat,
862 1043 962 1107 Mosen
980 1050 1010 1105 et
1027 1041 1156 1125 Prophe·

18 1132 61 1186 tas
80 1123 169 1186 iuisae
188 1123 242 1185 sihi
260 1131 399 1185 auctores.

96 1207 146 1268 23.
166 1207 291 1266 Primae
303 1226 341 1266 aa
349 1213 571 1267 macione.
589 1199 733 1286 Tempore
742 1204 858 1288 quidem
866 1203 1020 1288 praecessit
1028 1221 1155 1286 quorun·

17 1284 85 1344 daur
102 1283 225 1344 aliorum
242 1285 424 1345 resurrectio:
443 1303 547 1367 nempe
566 1285 751 1366 sircoipimua
760 1291 884 1358 motos,
926 1303 1028 1348 uorum
1040 1285 1149 1346 mentio

17 1365 70 1424 luit
89 1363 166 1445 apnd
181 1361 378 1445 Evangelistas
397 1363 511 1438 (Maath
525 1363 661 1444 27,52.),
680 1364 783 1426 exilara
803 1383 821 1426 a
839 1383 870 1425 sc
922 1365 977 1426 oris
997 1362 1154 1426 antechri-

17 1451 102 1518 stum,
123 1443 202 1523 quod
221 1445 251 1504 in
271 1449 387 1538 raptant
394 1441 497 1504 Enoch
516 1441 636 1504 etEliae
654 1445 799 1584 compph't.
892 1452 1028 1524 primun
1046 1443 1155 1504 hiero·

17 1530 70 1598 cat,
91 1521 165 1583 sicut
183 1521 259 1596 alibi,
278 1521 416 1602 pnmitias
434 1521 644 1602 resurgentium
662 1521 699 1598 (l.
754 1543 777 1584 r.

16 1621 71 1663 noc
95 1619 211 1662 causam
235 1603 332 1681 polius
356 1599 485 1681 designat
503 1619 591 1680 qnam
609 1603 747 1680 temporis
766 1603 908 1664 ordinem:
934 1603 1001 1682 qaia
1023 1600 1154 1662 Christus

16 1699 163 1762 usurgeus
186 1681 286 1740 mortis
304 1680 398 1740 victor
416 1687 446 1740 et
464 1681 542 1739 ritae
562 1679 695 1738 dominns
715 1682 838 1754 emersit,
858 1687 891 1740 ut
906 1687 1044 1762 perpetuo
1053 1699 1154 1762 regua·

16 1767 57 1821 ret
78 1777 204 1838 suosque
222 1757 328 1818 iaceret
347 1764 493 1819 consortes
513 1759 612 1820 beabo
631 1777 700 1820 suae
718 1759 950 1820 immortalitatis.
988 1764 1083 1822 Lacte
1101 1779 1152 1820 no·

788 1526 836 1598 15,
846 1527 918 1602 22).
938 1522 1039 1604 ltaque
1048 1539 1154 1582 nomon
1195 1577 1199 1584 ,
1334 1475 1336 1544 f

16 1841 90 1900 nina
115 1837 367 1919 comprehenditur
390 1838 527 1918 quiequid
548 1837 585 1898 ad
604 1836 719 1917 plenam
738 1837 902 1901 felicitatem
921 1843 1044 1932 spectat,
1070 1839 1154 1898 sicali
1279 1911 1282 1921 Δ

16 1940 63 1980 ser
82 1919 212 1978 tenebras
231 1923 354 1978 mortam
373 1923 402 1976 et
422 1935 508 1977 omne
532 1917 661 1978 miseriae
686 1935 776 1996 genus
790 1915 938 1997 Scriptura
952 1917 1152 1998 passrmsigni-

15 1995 88 2058 icat.
107 1995 169 2057 Nec
188 1995 288 2057 dubito
307 1997 378 2077 quin
393 1994 500 2056 Paulus
519 1997 555 2056 ad
575 1995 786 2078 Prophetarum
805 1995 880 2056 dicta
900 1993 1037 2069 alluserit,
1056 1993 1152 2076 Popu-

15 2080 59 2138 lus
112 2077 120 2094 '
136 2074 298 2136 ambulabat
306 2077 337 2136 in
351 2075 474 2136 tenebris
488 2075 560 2140 vidit
600 2092 814 2156 cummagnam,
822 2073 875 2135 les.
885 2077 914 2148 9,
925 2079 967 2136 2:
987 2072 1150 2149 numitore

15 2175 75 2218 ene
94 2175 144 2216 rae
163 2157 291 2237 operient
304 2161 429 2230 terrm,
458 2160 488 2214 et
505 2155 558 2215 oali
615 2154 752 2248 populos:
771 2173 858 2236 super
876 2159 907 2214 ta
925 2159 1021 2214 autem
1038 2153 1145 2214 ridebi-

15 2257 59 2297 :ur
68 2233 222 2310 Dominus,
240 2234 293 2296 les.
314 2237 365 2308 60,
385 2239 427 2296 2.ε
447 2234 525 2308 item,
639 2233 674 2292 irs
735 2233 743 2249 “
763 2231 936 2294 intenebris
955 2233 1145 2294 suntexcrio·

14 2335 58 2377 ,ur
75 2315 183 2388 lamen,
202 2313 254 2374 les.
270 2315 397 2386 42,16.ε
417 2313 496 2388 item,
515 2311 592 2374 Dedi
610 2317 640 2372 to
658 2253 802 2372 laddum
820 2311 956 2394 gentium,
974 2311 1041 2372 ibid
1052 2311 1149 2387 426..

14 2401 37 2456 et
57 2395 107 2470 49,
127 2396 156 2458 b.
195 2390 265 2472 Quo
288 2399 386 2453 autern
409 2391 461 2452 lux
485 2393 561 2452 vitae
584 2389 725 2454 aladaea
741 2387 828 2454 latius
847 2389 966 2454 affandi
984 2390 1021 2452 ad
1039 2397 1143 2472 gentes

14 2472 151 2552 lebnerit,
175 2493 214 2536 ex
232 2471 427 2554 compluribus
446 2471 568 2534 crambe
587 2475 676 2553 patet

97 2723 150 2798 24.
182 2727 270 2799 Haec
302 2741 409 2800 antem
442 2753 543 2824 quum
570 2751 630 2824 pro
659 2749 695 2800 se
722 2718 852 2810 diceret,
890 2721 1006 2796 Festus
1033 2745 1148 2817 magna

14 2858 87 2904 roco
109 2835 166 2920 ait,
191 2835 328 2920 insanis,
357 2835 469 2924 Paule,
497 2835 615 2905 multae
642 2835 752 2904 literae
780 2843 814 2901 te
835 2831 876 2900 ad
896 2830 1050 2898 insaniam
1073 2851 1145 2898 eon·

14 2952 146 3010 uertunt.
191 2943 245 3009 25.
267 2942 310 3009 Et
330 2941 464 3024 Paulus,
497 2965 565 3010 non
586 2941 727 3024 insanio,
757 2938 876 3028 inquit,
898 2937 1018 3028 optime
1040 2935 1145 3018 Ferte,

14 3049 64 3117 red
90 3047 229 3114 veritatis
256 3057 289 3114 et
315 3046 491 3114 sobrietatis
512 3044 608 3113 verba
631 3043 774 3132 eloquor.
818 3042 873 3108 26.
895 3041 964 3108 Scit
991 3039 1077 3107 euim
1104 3040 1145 3108 de

14 3153 56 3220 nis
77 3150 158 3234 Rex,
179 3149 263 3240 apud
285 3173 381 3240 quem
403 3159 435 3218 et
455 3149 552 3219 libere
573 3149 705 3238 loquor:
732 3147 829 3215 latere
861 3145 946 3213 enim
968 3167 1043 3213 earn
1064 3143 1144 3211 nihil
1172 3154 1173 3162 ’

14 3261 125 3326 horum
145 3255 287 3340 arbitror,
306 3279 411 3346 neque
428 3255 513 3324 enim
528 3254 592 3323 hcc
608 3253 642 3320 in
651 3252 767 3345 angulo
785 3261 911 3344 gestum
922 3260 979 3320 est.
1001 3249 1055 3319 27.
1067 3245 1144 3318 Cre·
1250 3332 1252 3344 1

14 3364 65 3446 lis,
86 3361 157 3430 Rex
177 3361 332 3454 Agrippa,
352 3361 541 3454 Prophetis?
572 3359 661 3442 Scio,
689 3358 777 3450 quod
799 3356 909 3426 credis.
932 3357 985 3438 28.
1002 3353 1141 3448 Agn'ppa
1252 3357 1254 3362 ’

14 3479 112 3538 autern
133 3467 173 3535 ad
194 3465 329 3536 Paulum
351 3468 403 3553 ait,
423 3465 518 3535 Brevi
540 3465 714 3558 persuades
734 3461 823 3545 mibi,
844 3473 882 3530 ut
902 3461 977 3529 iiam
995 3457 1145 3527 Christia-

14 3599 84 3646 nus.
127 3573 182 3644 29.
203 3573 247 3643 Et
268 3571 386 3643 Paulus
406 3573 458 3658 ait,
480 3571 624 3666 Optarim
645 3597 665 3640 a
684 3569 777 3654 Deo,
797 3577 831 3638 et
851 3567 975 3636 modica
996 3565 1030 3633 in
1053 3576 1142 3656 parte

14 3694 186 3774 etmagna,
217 3703 284 3748 non
305 3679 474 3764 tomedo,
506 3679 565 3748 sed
592 3699 706 3746 omnes
727 3675 822 3745 etiarn
844 3673 900 3766 qui
920 3697 974 3740 me
996 3671 1138 3755 andiunt,

14 3787 101 3857 nodie
123 3809 193 3856 esse
213 3787 302 3872 tales,
324 3787 425 3880 qualis
447 3809 507 3879 ego
530 3807 612 3868 snm,
633 3782 773 3874 exceptis
794 3778 930 3850 vinculis
946 3777 1006 3845 bis.
1028 3776 1140 3844 30.Et

14 3919 83 3964 naec
104 3917 144 3962 eo
166 3893 316 3986 loquuto,
343 3893 479 3964 surrexit
499 3891 570 3961 Rex
591 3915 630 3960 ao
650 3889 781 3956 Praeses
803 3895 836 3955 et
856 3884 1006 3966 Bernioe,
1027 3892 1061 3950 et
1083 3881 1140 3972 qui

14 4000 186 4070 residebant
211 3999 266 4066 eis.
309 3998 364 4066 31.
383 3997 428 4065 Et
448 4021 549 4089 quum
571 3995 792 4078 secessissent,
819 3991 1031 4082 loquebantur
1056 3987 1140 4056 inter

14 4131 50 4193 te,
72 4105 219 4190 dicentes,
240 4101 327 4170 Nihil
348 4111 451 4171 morte
472 4113 527 4170 ant
550 4099 681 4170 vinealis
702 4099 831 4192 dignum
852 4097 926 4197 lucit
946 4095 1047 4162 homo
1068 4093 1138 4163 iste.

14 4215 61 4281 32.
82 4209 220 4305 Agrippa
241 4219 348 4278 autern
368 4207 466 4278 Festo
489 4208 582 4294 dixit,
602 4205 729 4276 Dimiui
750 4215 875 4299 poterat
897 4201 997 4278 hono
1021 4198 1089 4288 hic,
1110 4201 1138 4281 si

14 4341 73 4388 non
93 4318 280 4412 appellasset
308 4315 484 4386 Caesarem.
