2786 4866
492 176 497 190 ’
576 227 706 294 carm
724 227 774 294 ιι.
1199 243 1238 310 57

77 345 185 438 'ml
204 346 292 412 mua
309 345 415 408 fierent
433 343 470 405 de
488 362 521 406 re
539 347 650 426 pridem
669 353 821 418 meacm.
845 349 949 414 Patrue
968 357 1064 416 autem
1082 355 1180 444 pollue
1198 359 1241 420 in-

96 435 217 515 telligit,
245 428 403 491 excitatum
427 425 515 486 fabae
539 425 701 505 curtatum,
730 429 780 492 obi
805 438 935 494 astemoe
959 433 1015 496 tuit
1038 435 1243 501 benedictionis

96 521 213 576 ιιιιοιοιι
242 508 320 590 qnod
345 527 387 569 nn
464 511 495 566 et
519 525 551 567 re
608 514 637 568 tc
655 509 763 570 uotum
782 511 892 572 animoa
912 515 1002 594 magio
1021 513 1138 578 afficere
1157 517 1239 581 debe-

96 595 157 656 hat.
205 589 255 650 Sia
278 589 358 649 enim
438 586 532 667 ‘ptura
570 589 639 668 oqui
663 590 750 666 solet,
781 591 1022 672 quemadmodum
1046 595 1076 654 in
1105 598 1240 678 proximo

97 675 164 736 locu
190 669 281 731 illotis
306 668 344 729 ad
369 685 457 749 quern
483 665 586 728 alludit
609 666 723 731 Petrae.
771 668 905 733 Excitare
929 671 1104 754 Prophetam
1129 685 1175 738 est
1197 680 1239 740 in·

95 763 206 816 struere
224 749 393 811 ueoeoeauio
412 745 495 806 donin
514 745 551 806 ad
570 765 675 810 munuc
695 769 781 812 aurum
800 749 1030 832 exsequendum,
1054 761 1084 815 et
1108 760 1190 837 quari
1209 759 1240 820 in

94 835 189 917 gradu
209 832 276 912 ipoo
295 826 456 912 proplreh'ci
475 825 592 887 honorio
611 829 763 890 collocare.
812 831 856 893 Ac
875 839 945 894 tune
964 834 1080 914 quidem
1099 839 1241 900 excitatns

93 921 143 977 eut
160 912 308 983 christun,
327 927 416 990 quum
435 925 540 968 munuc
560 911 670 1048 peregit
690 910 743 970 cibi
762 930 780 972 a
800 909 887 974 Patro
906 913 1076 991 iniunctum,
1095 917 1146 976 ced
1166 937 1237 999 quo-

95 996 170 1056 tidie
189 991 268 1052 idem
286 989 320 1050 lit
376 1007 427 1048 nm
445 1005 497 1069 per
515 985 632 1070 Evange
645 989 704 1052 'um
724 991 858 1067 offertur,
887 999 922 1054 ut
940 993 1016 1054 inter
1034 1015 1088 1056 noe
1107 998 1239 1060 emineat.

97 1075 135 1134 ln
155 1071 290 1133 adverbio
307 1009 413 1130 affine
508 1069 704 1130 condiximus
722 1073 816 1132 notari
835 1073 880 1132 im
899 1074 1149 1155 primogeniturae,
1170 1077 1239 1159 quia

101 1171 120 1214 a
140 1152 249 1212 ludaeis
267 1150 392 1230 incipero
437 1147 558 1208 hristum
578 1151 721 1229 oportuit,
740 1157 774 1210 ut
792 1159 894 1232 postea
913 1156 1047 1215 mamnet
1064 1155 1102 1216 od
1122 1157 1237 1219 Genter.

67 1251 75 1262 ·
181 1235 263 1292 Dara
279 1247 517 1312 unamquamque.
562 1225 735 1290 Doctriuam
759 1230 951 1311 poenitentiae
969 1233 1073 1294 itonam
1092 1255 1236 1298 commen-

101 1311 159 1388 dat,
177 1317 211 1371 ut
229 1309 372 1370 ducamus
391 1307 444 1368 nub
464 1307 570 1368 Christi
588 1307 785 1370 bencdictione
805 1311 949 1389 includere
968 1315 1045 1375 vitae
1063 1317 1239 1378 nouitatem:

98 1395 172 1453 sicut
190 1397 220 1452 et
237 1389 343 1450 locutae
361 1394 515 1449 venturam
536 1385 621 1450 siout
649 1389 862 1470 redemptorem
970 1392 1057 1453 ittene
1083 1398 1236 1457 restrictio·

94 1491 162 1534 nem
181 1468 376 1548 atteriuQui
394 1469 425 1529 iu
443 1467 528 1528 Iacob
548 1471 679 1530 courum
698 1467 806 1531 fuerint
825 1470 861 1531 ab
880 1472 1076 1552 iniquitatibus
1090 1475 1158 1534 ouis.
1179 1475 1235 1536 Ne-

94 1571 152 1632 que
171 1551 248 1618 enim
267 1549 396 1610 fidelium
415 1555 532 1630 peecata
551 1547 628 1609 delet
646 1549 791 1624 Christus,
820 1557 855 1610 nt
878 1551 933 1612 siti
952 1551 1009 1613 hoe
1027 1549 1179 1634 praetextu
1198 1541 1237 1615 id

94 1631 274 1713 pemandnm
293 1629 472 1710 indulgeant,
501 1646 603 1688 rerum
622 1630 707 1693 simul
725 1631 820 1702 reddit
838 1649 931 1690 novoe
950 1629 1092 1694 homines.
1128 1633 1234 1713 'Quan-

96 1729 186 1791 quam
204 1710 277 1770 haec
296 1711 355 1770 duo
375 1728 450 1790 quae
469 1707 623 1770 coluerunt
641 1709 777 1771 beneficia
797 1711 955 1790 prudenter
973 1712 1147 1794 distinguere
1165 1735 1234 1776 eou-
1256 1766 1258 1774 ,

95 1793 190 1864 venit,
221 1797 256 1848 ut
278 1796 392 1850 maneat
416 1788 472 1849 hoo
495 1788 727 1863 fondamentum,
756 1807 810 1848 noo
835 1791 1014 1852 reconciliari
1033 1789 1089 1853 Dei
1109 1795 1232 1874 gratuita

96 1873 191 1932 venia.
241 1867 308 1930 Seio
328 1869 365 1930 ab
383 1868 446 1929 aliis
465 1887 548 1928 cecus
568 1870 656 1944 verti,
685 1869 736 1930 ced
755 1869 802 1929 hic
821 1887 972 1950 germanos
992 1877 1038 1931 eet
1056 1891 1157 1933 senous
1176 1872 1233 1934 Lu-

56 1955 58 1958 ’
95 1969 155 2011 me.
185 1948 382 2091 *Addrerbnm
402 1949 478 2009 enim
498 1949 540 2008 sic
558 1947 700 2028 loquitor,
721 1947 762 2010 lu
781 1951 977 2012 convertendo
1001 1971 1234 2033 unumquemque

93 2031 192 2092 uenio
211 2049 240 2091 ιιι
270 2030 333 2090 itiic.

433 2475 744 2566 CAPUT
806 2477 883 2565 lV.

185 2675 216 2742 1.
260 2672 478 2766 Loqrreutibus
500 2673 689 2742 autemillis
711 2674 751 2740 ad
781 2673 952 2766 populum,
980 2683 1232 2764 supervenerunt

91 2780 153 2848 illis
175 2778 373 2862 Sacerdotes,
396 2789 428 2848 et
448 2771 624 2872 pra'eleetus
645 2780 770 2874 templi,
793 2790 825 2850 et
847 2779 1037 2866 Sadducaei,
1071 2781 1104 2848 2.
1127 2779 1229 2872 Aegre

38 2897 42 2902 “
90 2889 227 2958 serentes
248 2889 339 2978 quod
361 2887 421 2978 ipsi
443 2889 594 2958 docerent
615 2889 781 2980 populum,
804 2897 837 2955 et
858 2887 1081 2956 annuntiarent
1102 2885 1136 2954 in
1157 2886 1230 2956 lesu

90 2995 355 3064 resurrectionem
377 3018 418 3062 cx
442 2987 583 3065 rdortuis.
634 2995 665 3060 3.
688 2993 731 3061 Et
757 2994 931 3060 iniecerunt
957 2994 991 3059 in
1019 3007 1229 3076 eos‘manuo,

91 3113 123 3171 et
144 3111 322 3194 posuerunt
343 3101 377 3186 in
399 3101 575 3168 custodiam
598 3099 756 3192 usquein
772 3097 958 3166 crastinum:
980 3109 1047 3166 erat
1064 3097 1229 3168 animiam
1267 3175 1272 3184 ¹
1389 3101 1390 3164 ζ

92 3231 235 3300 vespera.
288 3201 320 3276 4.
354 3205 447 3276 Multi
473 3219 582 3276 autem
609 3228 721 3273 eornm
749 3203 806 3298 qui
833 3203 1016 3272 audiverant
1037 3225 1230 3287 sennonem,

93 3313 307 3382 crediderunt:
338 3325 370 3383 et
396 3313 497 3382 lactus
525 3324 575 3382 est
601 3331 754 3378 numerus
781 3307 922 3376 virorum
944 3308 1064 3380 circiter'
1085 3310 1228 3402 quinque

89 3417 199 3488 millia.

170 3545 238 3606 Tria
271 3547 302 3608 iu
336 3548 391 3611 hac
426 3544 588 3610 narratione
617 3543 770 3630 praecipue
798 3538 880 3612 nobie
910 3538 1116 3604 consideranda
1145 3545 1228 3603 cunta

89 3621 170 3707 qnod
195 3628 374 3711 simulatque
392 3630 512 3710 emergit
531 3625 678 3710 Evangelii
697 3627 817 3700 veritas,
846 3643 885 3684 ex
909 3622 1030 3684 aduerso
1055 3621 1228 3702 quibuscun-

91 3725 150 3786 que
167 3713 263 3788 potest
282 3710 375 3769 modio
395 3729 426 3769 ce
446 3709 567 3790 opponit
585 3707 691 3776 Satan,
710 3712 741 3766 et
760 3705 856 3764 omnia
875 3703 1003 3780 molitur¹
1015 3709 1045 3762 ot
1065 3705 1156 3784 ipsam
1176 3723 1227 3782 op·

90 3785 198 3866 primat
220 3788 248 3847 in
277 3789 346 3870 ipcic
373 3791 463 3870 princi
485 3789 533 3862 us,
572 3787 698 3848 seeundo
723 3785 800 3867 quod
820 3785 925 3846 uvicu
944 3781 1108 3843 fortitudine
1127 3781 1227 3842 Domi-

89 3883 148 3925 nus
167 3866 277 3926 inatmit
296 3887 380 3942 euos,
400 3877 434 3929 nt
474 3871 527 3928 rmi
547 3887 582 3929 ac
600 3866 714 3926 immoti-
737 3871 865 3946 perstent
888 3863 1025 3922 adrerum
1049 3881 1149 3922 omnes
1173 3861 1226 3922 Sa-

88 3950 176 4004 tanae
195 3947 349 4023 machinae,
368 3967 424 4009 nec
441 3950 597 4030 impiorum
617 3947 769 4007 violentiae
788 3946 898 4005 cedunt.
938 3941 1103 4016 Postremo,
1130 3941 1227 4002 obacr-

86 4025 200 4086 vandue
218 4033 264 4088 eet
282 4034 419 4106 crentur,
444 4111 451 4126 ο
489 4029 527 4088 od
550 4035 697 4108 utcmque
721 4043 808 4164 geaco
834 4023 1009 4122 adversario?
1028 4023 1180 4118 imperium
1199 4028 1228 4120 et

86 4123 201 4168 camma
220 4124 320 4168 nerum
340 4127 403 4168 ecee
422 4129 452 4169 vr
472 4116 562 4184 eatur,
582 4113 612 4167 et
630 4107 720 4188 tpota
761 4104 912 4165 delendum
933 4101 1040 4178 Chnotr
1059 4119 1166 4164 nomeu
1185 4122 1228 4162 ιιι-

85 4183 129 4244 hil
146 4188 298 4262 omittant,
318 4195 419 4248 contra
439 4196 536 4249 autem
555 4205 641 4248 cauae
660 4187 806 4246 doetrinae
825 4179 947 4262 ιιιίιιίιῑιί
970 4183 1052 4244 velut
1075 4195 1144 4244 oreo
1169 4184 1228 4244 eint

84 4266 116 4324 in
136 4266 268 4327 lancibus
288 4269 438 4349 luporum,
457 4268 539 4329 Deua
558 4275 653 4330 muron
673 4265 736 4326 lilii
755 4266 800 4325 oui
819 4281 940 4346 regnum
951 4270 1107 4347 propagat,
1128 4279 1227 4324 occen-

87 4363 152 4404 emra
169 4345 322 4430 Evangelii
342 4351 388 4408 eui
406 4351 500 4409 lacem
520 4349 615 4422 iavet,
635 4347 814 4428 salutemque
832 4348 1074 4408 enorauu‘toatnnt
1093 4341 1227 4414 Proinde,
1357 4359 1361 4368 ·
1389 4331 1390 4340 ¹

86 4427 202 4504 quoue
227 4427 380 4492 exoriente
401 4426 548 4511 Evangelii
573 4427 702 4490 doctrina
725 4427 798 4498 varii
822 4425 934 4570 cougre-
947 4431 1045 4488 naeus
1068 4423 1228 4500 tueatgnat,
