2742 4856
181 197 241 261 sot
527 199 529 211 ’
582 195 622 258 m
642 195 744 260 acre
763 171 915 257 tresn'

183 313 279 372 Deera
298 317 328 372 ei
347 296 402 372 sirit
420 327 477 372 una
497 313 556 372 eius
576 312 688 372 lanitiis.
726 309 836 371 hioveri
858 317 951 372 tamen
972 317 1068 392 potest
1089 315 1233 393 qrraeetio,
1255 334 1296 372 nn

184 392 347 452 vaticinium
368 393 422 452 hoc
442 394 527 462 citare
546 394 675 463 maluerit
694 409 780 471 quam
804 391 892 449 muita
911 391 981 460 alia,
1012 411 1090 470 quae
1116 395 1206 473 magis
1228 395 1295 452 turn·
1347 427 1348 488 p

185 473 289 531 lentam
308 473 358 544 rei,
376 472 413 532 de
433 491 487 553 qua
509 473 608 552 agitur,
628 471 985 552 probationemconi'urent:
1005 475 1090 530 enim
1100 473 1212 552 generis
1220 475 1294 532 muita
1347 495 1348 516 r

136 593 138 598 -
186 549 453 612 aPnniocitantur
473 550 570 628 (Rern.
591 555 686 621 tae.
707 554 752 612 10.
773 550 845 621 ib).
884 548 1066 630 Respondeo,
1088 554 1211 632 primum
1228 555 1293 632 Ape-

184 633 274 692 stoios
303 631 339 690 in‘
363 633 547 711 congerendis
577 629 738 710 Scripturae
766 629 836 688 loeis
865 630 979 689 minime
1008 630 1181 689 ambitiosos
1211 631 1292 691 fuisse.
1347 655 1348 706 i

185 711 235 770 sed
264 712 293 768 in
320 709 380 768 hoe
405 731 494 770 unum
524 711 687 790 simpliciter
715 709 800 770 inisse
828 711 964 776 intentos,
994 710 1074 788 quod
1102 711 1161 768 iilis
1179 715 1234 768 satis
1249 731 1288 767 so·

184 807 292 872 perque
320 796 395 864 erat,
415 809 525 870 ,nempe
552 797 585 848 ut
614 809 695 848 suam
724 787 878 848 doctrinam
901 787 1058 869 probarent
1082 810 1122 848 ex
1148 789 1226 850 serbe
1241 787 1286 848 ihi

185 875 328 950 sumptam
358 889 431 929 esse:
461 869 560 929 deinde
588 868 725 928 illustrius
754 867 809 926 hoc
837 887 897 926 esse
922 869 1091 928 vaticinium
1116 867 1206 930 Amos
1227 869 1285 937 deo,

186 969 272 1029 elnam
292 948 378 1028 vulgo
400 956 543 1028 putetur..
562 947 608 1008 De
626 949 825 1007 instauratione
845 947 944 1005 domus
964 950 1068 1026 agitur,
1088 969 1165 1028 quae
1183 951 1287 1027 eobapsa

187 1035 262 1088 erat:
292 1029 479 1088 miserabilem
499 1030 559 1088 eins
578 1031 689 1088 ruinam
707 1024 836 1086 describit
853 1025 1006 1106 Propheta.
1046 1021 1217 1108 Ergo'qnae
1233 1049 1290 1087 mox

186 1107 330 1167 subiicitur
359 1109 521 1188 promissio,
550 1110 713 1188 erigendum
737 1124 796 1165 esse
820 1125 917 1165 rursus
942 1106 1059 1181 solium,
1090 1128 1205 1187 expuo
1223 1127 1291 1186 reges

185 1206 223 1248 cx
242 1187 360 1268 posteris
380 1185 474 1246 David
495 1187 628 1265 gentibus
648 1189 799 1267 imperent,
828 1188 943 1266 proprie
963 1186 999 1244 ad
1019 1185 1164 1246 Christum
1183 1193 1291 1268 spectat.

184 1265 281 1346 ltaque
310 1273 405 1325 erecto
429 1265 533 1324 Christi
560 1286 665 1346 regno,
694 1267 773 1402 serpui
800 1284 914 1324 neeesse
942 1271 988 1324 est
1016 1265 1088 1345 qnod
1111 1285 1128 1324 a
1153 1264 1290 1346 Propheta

184 1346 268 1406 simul
293 1345 406 1418 dicitnr,
435 1345 629 1406 invocandum
653 1365 714 1404 esse
746 1345 787 1402 ici
810 1365 914 1403 nomen
933 1364 1018 1425 super
1033 1352 1132 1423 gerim
1170 1343 1229 1404 laur
1250 1347 1288 1402 ri·

184 1427 281 1486 tlemus
305 1444 362 1483 non
386 1431 492 1484 temere
516 1424 763 1484 selectumiuisse
781 1423 858 1483 hunc
876 1423 972 1484 locum
997 1423 1140 1482 aiaeobo:
1168 1443 1233 1483 nam
1262 1425 1286 1480 si

182 1506 264 1562 aliter
291 1523 348 1562 non
378 1509 474 1583 potest
498 1505 612 1563 costitui
637 1503 742 1563 Christi
770 1523 903 1584 regnum,
932 1505 1064 1584 quam-si
1085 1503 1162 1561 Dens
1183 1505 1283 1583 passim
1347 1535 1348 1538 =

182 1585 330 1642 invocetur
359 1603 411 1664 per
440 1589 532 1642 totum
561 1583 673 1660 orbem,
700 1589 729 1642 et
747 1591 844 1662 gentes
863 1583 1024 1643 coalescant
1041 1583 1072 1642 in
1089 1589 1213 1641 eandum
1230 1584 1289 1640 eins

181 1661 335 1742 populum,
365 1662 517 1722 absurdum
547 1670 590 1722 est
614 1662 662 1723 eae'
686 1665 771 1723 arceri
796 1681 883 1742 aspe
901 1663 1001 1722 salutis
1019 1669 1048 1720 ct
1067 1663 1189 1720 medinm
1207 1663 1291 1740 pario
1347 1693 1348 1726 ,

181 1749 239 1803 tem
265 1742 411 1801 concidere
436 1749 561 1824 oportet,
591 1763 649 1824 quo
674 1744 792 1822 separati
811 1743 858 1802 aiii
877 1742 913 1802 ab
932 1742 993 1801 aliis
1012 1741 1066 1802 snb
1085 1739 1162 1820 lege
1180 1741 1293 1800 inerant.
1347 1731 1348 1790 l

181 1819 267 1881 Hunc
285 1823 360 1881 enim
379 1821 464 1881 finem
485 1823 559 1883 inter
577 1825 647 1884 aiios
667 1821 805 1882 habebant
824 1821 1008 1894 ceremoniae,
1039 1828 1073 1880 nt
1098 1829 1226 1880 sanctum
1248 1819 1294 1877 liet
1328 1819 1348 1860 ·i

184 1903 326 1983 populum
345 1921 361 1960 a
382 1903 506 1982 profanis
526 1904 653 1980 gentibus
673 1905 869 1960 discernerent.
910 1900 993 1960 Nune
1012 1901 1128 1960 subiato
1149 1901 1295 1960 disorierim

183 1983 356 2041 ceremonias
377 2003 491 2062 qnoque
511 1983 638 2063 abrogari
658 1981 797 2042 convenit.
826 1979 954 2040 Primum
967 1980 1087 2040 rerbum
1102 1990 1295 2040 remrturnon

182 2061 301 2121 habetur
320 2063 397 2144 opud
417 2060 603 2144 Prophetam,
631 2063 681 2124 sed
698 2061 818 2124 mutatio
837 2067 938 2138 status,
970 2079 1058 2140 quam
1078 2061 1238 2135 denuntiat,
1262 2061 1295 2116 ita

181 2143 288 2222 optime
306 2143 483 2222 exprimitur.
1089 2166 1092 2174 ·
1268 2160 1271 2173 ·

243 2239 244 2242 ’
264 2223 496 2284 retentandum
515 2223 617 2284 Dauid
634 2224 712 2306 pund
729 2223 889 2302 collapsum
907 2230 959 2282 est.
998 2218 1066 2284 Non
1091 2220 1150 2280 abs·
1164 2239 1199 2279 re
1218 2217 1295 2278 deier-

180 2301 235 2362 mie
258 2301 307 2362 illa
331 2304 422 2384 regiae
448 2302 549 2363 demus
568 2305 683 2362 vastitas
707 2310 737 2362 et
755 2305 834 2362 ruina
855 2309 921 2361 ante
940 2301 1040 2360 oculos
1061 2302 1185 2380 ponitur
1203 2317 1220 2357 a
1238 2297 1295 2356 Pre

180 2381 280 2460 pheta:
309 2383 362 2441 nisi
388 2384 463 2442 euim
488 2403 652 2464 persuasum
671 2383 770 2442 luisset
794 2383 862 2463 pis,
890 2380 1119 2461 regnollavidis
1137 2382 1171 2439 in
1190 2378 1295 2438 nutt-

180 2461 295 2519 redacto
314 2467 465 2521 venturum
485 2472 578 2524 tamea
599 2483 659 2522 esse
680 2462 837 2534 Christum,
861 2461 911 2541 qui
930 2479 974 2520 res
994 2457 1122 2540 perditas
1141 2480 1206 2519 non
1224 2457 1297 2516 mode

180 2541 341 2598 restitueret
369 2541 398 2598 in
429 2561 511 2600 suum
542 2543 668 2602 ordinem
698 2543 860 2623 pristinum,
890 2541 939 2600 scd
959 2543 1037 2620 regni
1059 2541 1186 2619 gloriam
1206 2540 1296 2597 incon·

90 2647 97 2674 t
179 2618 296 2696 parabili
315 2637 457 2678 successu
482 2621 517 2679 arl
536 2622 631 2681 coelos
651 2643 742 2702 usque
761 2621 904 2690 eveheret,
933 2623 1040 2680 centies
1059 2620 1196 2699 quotidie
1214 2619 1295 2696 dispe·

179 2703 296 2754 rassent.
336 2694 454 2756 Reversi
479 2699 513 2756 ab
539 2701 638 2760 exsilio
657 2701 832 2780 Babylonico
857 2699 975 2759 assiduis
994 2707 1023 2760 ot
1042 2702 1207 2759 innumeris
1226 2697 1294 2756 eladi

178 2775 231 2832 bus
262 2793 352 2854 prope
381 2777 418 2836 ad
447 2779 590 2839 interitum
620 2782 742 2843 coniecti
770 2783 888 2840 iucmnt
937 2777 1042 2840 Postea
1062 2778 1144 2859 quod
1167 2777 1294 2838 residuum

179 2859 240 2912 erat
269 2855 405 2934 paulatim
437 2858 575 2918 intestinis
606 2860 750 2922 discisdiis
779 2860 959 2939 absumptum
987 2859 1051 2918 tuit.
1112 2858 1182 2918 lmo
1217 2875 1291 2935 qaum

177 2931 257 2991 Dens
276 2933 386 2994 miseris
406 2934 490 2996 rebus
510 2949 698 3016 succurreret,
728 2943 835 3022 species
856 2940 932 3020 opis,
959 2957 1046 3018 quam
1065 2939 1197 3010 ferebat,
1222 2954 1293 3014 qaae

178 3013 244 3072 dam
263 3020 323 3072 erat
343 3014 545 3096 desperationis
565 3021 694 3082 materia:
723 3039 788 3080 nam
811 3021 974 3100 imperium,
1004 3019 1082 3099 quoti
1105 3017 1163 3076 sibi
1184 3033 1295 3095 eumpse·

177 3099 242 3152 rani
266 3091 440 3168 Maccabaei,
469 3103 537 3156 tuuc
566 3098 688 3158 ablatum
718 3100 771 3158 luit
795 3118 811 3158 a
836 3099 913 3158 tribu
938 3098 1014 3159 luda.
1054 3097 1117 3156 llas
1144 3097 1186 3155 ob
1211 3111 1297 3153 causas

178 3173 276 3231 sedulo
305 3174 428 3236 inculcat
452 3175 574 3258 Spiritus
600 3176 655 3236 liei
679 3197 731 3258 per
752 3177 938 3256 Prophetom,
967 3198 1024 3238 non
1054 3185 1123 3237 anto
1155 3183 1299 3236 venturum

177 3272 238 3312 esse
268 3252 429 3328 Christum,
460 3275 545 3335 quem
577 3257 624 3316 ubi
655 3259 768 3338 petierit
798 3277 916 3338 regnum
945 3257 1079 3330 Doridis,
1115 3275 1156 3316 nc
1188 3255 1298 3314 salutem

176 3335 205 3392 in
222 3333 313 3391 'rebus
339 3333 527 3394 aiiiictissimis
551 3337 708 3418 desperent.
758 3337 807 3397 Sic
826 3339 927 3396 leseias
956 3341 1026 3413 (ii,
1047 3339 1094 3415 1.)
1125 3338 1299 3396 exoritnrrm

176 3412 320 3472 surculum
336 3417 505 3494 pronuntiat
523 3435 560 3474 ex
579 3424 742 3498 contempto
761 3425 791 3476 ei
809 3417 925 3498 ignobili
945 3424 1058 3475 trunco:
1089 3425 1121 3476 et
1147 3436 1205 3474 nos
1224 3417 1298 3472 etianr

175 3493 399 3568 meminerimus,
429 3494 576 3554 mirificam
595 3495 669 3555 hane
688 3497 825 3557 rationem
845 3495 939 3556 Deum
960 3504 1054 3556 tenere
1075 3498 1106 3554 in
1126 3491 1298 3554 mittereris

175 3565 315 3644 Ecclesia,
345 3579 377 3636 ui
407 3593 468 3634 cam
498 3594 535 3634 ex
564 3576 652 3634 ruinis
681 3577 816 3636 acdiiicet.
861 3575 955 3636 Docet
978 3581 1124 3656 praeterea
1146 3574 1198 3633 bic
1219 3577 1299 3634 loeus.

176 3667 316 3727 quaenam
340 3671 406 3711 vera
432 3655 468 3712 sit
488 3661 517 3714 et
535 3653 626 3736 proba
644 3653 786 3714 Ecclesiae
810 3657 987 3728 constitutio,
1017 3674 1120 3734 nempe
1153 3675 1248 3732 quum
1275 3653 1297 3708 io

175 3727 293 3788 sublime
322 3737 453 3792 evectum
477 3739 521 3792 est
545 3734 649 3792 solium
668 3734 785 3795 Davidis
810 3741 839 3794 et
863 3738 970 3796 eminet
993 3735 1070 3794 solus
1092 3733 1248 3803 Christus,
1274 3744 1297 3790 ut

175 3825 272 3869 omnes
302 3811 330 3870 in
356 3811 416 3870 eius
442 3811 609 3891 obsequium
633 3817 811 3878 conveniant.
851 3813 951 3892 Quum
976 3815 1188 3896 sacrilegusne
1211 3821 1298 3890 tyno·

173 3887 239 3947 nide
258 3885 413 3950 Ecclesiam
438 3894 609 3972 oppresserit
628 3891 721 3974 Papa,
751 3915 781 3954 se
809 3901 904 3954 tamen
929 3893 1069 3953 Ecclesiae
1094 3894 1180 3952 titulo
1212 3891 1299 3952 vendi·

173 3971 229 4037 tat,
257 3969 315 4029 imo
342 3971 378 4028 ad
403 3969 577 4031 obruendam
597 3987 682 4033 sanae
700 3975 843 4034 doetrinae
862 3975 956 4034 iucem
975 3975 1071 4047 iocum
1092 3975 1236 4032 exinani
1255 3971 1298 4030 ue-

173 4043 274 4102 clesiae
311 4049 396 4108 titulo
426 4051 500 4111 iacit.
561 4050 668 4112 Verum
698 4055 721 4112 si
750 4055 785 4112 ad
813 4055 916 4116 iustam
946 4055 1151 4133 inspectionem
1183 4061 1299 4110 ventoru

172 4120 286 4212 simlia·
300 4124 389 4184 facilis
414 4137 458 4188 est
477 4137 537 4192 taur
557 4132 642 4190 crassi
661 4131 773 4192 ludibrii
792 4133 939 4204 refutatio,
969 4135 1035 4212 quia
1054 4133 1164 4192 deiecto
1185 4131 1300 4190 Christo

171 4195 256 4288 solus·
278 4217 339 4275 rpee
366 4205 517 4284 imperium
537 4217 675 4289 roccupat.
727 4211 824 4271 Verbo
853 4213 968 4292 quidem
997 4215 1102 4272 latetur
1131 4231 1162 4270 se
1195 4211 1299 4271 Cirridi

170 4289 324 4368 timum,-
350 4281 398 4338 ted
429 4304 460 4342 re
485 4288 545 4365 ipsa
565 4287 710 4349 Christum
734 4291 1024 4372 iuocoeIosspocioso
1043 4292 1144 4352 exsilio
1163 4289 1301 4368 ablegare·

170 4356 260 4410 l⁰i²1¹¹
298 4371 370 4414 elna
386 4366 555 4436 potestatem
584 4366 620 4426 ad
650 4387 681 4429 se
710 4368 803 4430 trairit.
853 4369 954 4452 Neque
983 4373 1057 4434 enim
1086 4371 1167 4432 diter
1199 4377 1300 4449 regest
