2818 4848
573 255 702 322 cerm
719 255 783 322 er
877 253 880 262 '
1172 267 1233 334 179

99 375 224 438 morulis
242 371 370 435 omnibm
390 373 484 454 viguit
503 373 665 434 mediatoris
684 377 789 456 gratia,
812 373 871 436 hoo
886 373 929 442 ,ab
949 379 1063 439 aeterna
1080 379 1141 442 eina
1161 381 1233 444 divi·
1331 407 1345 444 ·.

98 459 195 518 nitate
210 455 354 536 pendebat.
395 453 498 532 ltaque
517 453 573 514 hoo
594 453 700 514 dtenun
712 455 817 518 Christi
837 456 952 536 insigne·
965 457 1076 521 divinae
1094 463 1233 526 essentiae

103 537 225 616 elogium
246 537 381 596 eontinet
429 531 564 595 Notanda
586 533 674 608 otiam
699 543 743 602 est
766 536 893 596 solennia
910 539 1089 600 aeserormdi
1107 541 1232 604 iormnla

105 622 210 690 Auen,
237 639 333 676 omen.
373 611 435 675 Nee
455 613 584 708 displicet
604 613 682 693 qnod
702 613 925 692 chrysostomus
944 617 1134 698 inpraesenti
1153 622 1233 684 verbi

102 703 228 776 ternpore
247 695 365 776 pondus
385 713 445 752 osse
464 694 623 764 exsatiatam
635 691 735 773 Neque
754 692 925 770 animdioit,
941 693 1033 770 liram
1045 697 1091 766 ,vel
1101 697 1166 774 Fui,¹
1182 701 1233 762 sed

99 799 155 858 ego
174 799 260 834 som.-
291 795 351 854 qno
372 772 543 852 aequabilem
563 779 593 832 et
611 771 647 830 ab
667 773 746 834 initio
766 775 908 838 adfinem
926 795 1018 856 usque
1037 777 1159 839 eundem
1177 787 1231 840 ata-

98 863 161 916 tnm
183 854 336 936 significat.
366 851 422 912 Neo
442 853 515 926 dicit,
528 851 706 934 Priusquam
725 861 800 916 esset
815 855 974 931 Abraham,
995 855 1045 916 sed
1063 854 1234 938 Priusquam

98 935 201 1006 fieret,
222 935 388 1014 principium
407 933 453 1001 itti·
466 931 603 994 tribuens.
687 967 689 974 ·
953 977 957 986 ,
1221 999 1225 1010 ¹

188 1013 238 1076 59.
279 1016 459 1076 mmmm
482 1035 554 1095 ergo
580 1015 700 1108 lapideo.
741 1013 881 1090 Credibile
900 1020 943 1074 est
960 1013 1017 1076 hoo
1036 1035 1099 1076 essa
1119 1015 1154 1078 alr
1178 1015 1233 1077 illis

102 1093 228 1166 iactum,
246 1095 322 1172 quasi
339 1113 375 1152 ex
394 1091 479 1172 Lens
496 1100 669 1174 praescripto
689 1094 717 1162 la
737 1095 856 1156 islandus
871 1101 949 1164 gosaet
969 1093 1111 1156 Christus.
1151 1094 1235 1158 Unde

107 1173 264 1253 colligimus
282 1179 386 1252 quanta
406 1173 443 1232 sit
460 1173 659 1232 inconsiderati
679 1115 736 1235 aeli
751 1176 878 1236 vesania:
918 1173 1012 1236 nullae
1025 1175 1108 1242 ,enim
1127 1175 1165 1235 ad
1185 1195 1233 1236 eo·

106 1255 255 1332 gallionem
276 1271 377 1312 oanaae
398 1271 481 1314 ames
500 1259 663 1333 suppetunt,
682 1272 782 1314 manus
802 1261 897 1314 autem
916 1254 955 1313 ad
972 1253 1088 1317 eaedem
1108 1261 1175 1314 sunt
1187 1273 1231 1316 ar-

103 1339 203 1392 matae.
243 1331 398 1392 Caeterum
423 1351 482 1394 non
508 1331 605 1391 dubito
629 1332 698 1411 quin
722 1353 752 1394 aa
776 1353 877 1394 arcana
902 1351 953 1393 sna
972 1335 1077 1394 virtute
1096 1335 1233 1414 eripuerit

101 1410 239 1484 Christus,
259 1412 309 1470 sed
328 1419 428 1480 tamen
448 1411 501 1473 snb
521 1409 684 1473 humilitatis
704 1415 810 1492 speeie:
830 1435 866 1476 no
887 1433 923 1472 ua
942 1413 1016 1472 enim
1036 1411 1072 1474 ad
1084 1412 1231 1492 liquidnm

98 1511 179 1550 anam
198 1491 379 1551 divinitatem
403 1511 534 1552 exserere
557 1491 660 1564 voluit,
711 1494 759 1552 uin
785 1435 890 1572 aliquid
910 1492 1056 1564 humanae,
1075 1489 1232 1563 infirmitati

97 1572 276 1650 relinqueret
319 1569 410 1649 Quod
429 1571 518 1651 aliqui
537 1572 647 1632 oodices
667 1570 706 1630 ha
761 1579 788 1647 t,
813 1581 955 1634 treunam
973 1581 1015 1632 eie
1032 1590 1086 1646 per
1103 1575 1231 1634 medians

96 1653 229 1723 ι’ἱὶοπιιιι,
258 1671 318 1710 non
347 1657 458 1710 temere
483 1653 595 1713 ooniioit
618 1649 753 1712 Erasmus
777 1673 814 1712 ex
838 1659 939 1732 quarto
965 1649 1059 1712 Lucae
1083 1671 1145 1732 eap.
1171 1648 1230 1717 huo

96 1729 266 1790 translatum
286 1749 356 1790 ease
392 1729 457 1790 Hoc
477 1751 591 1832 qnoque
611 1731 763 1792 observatu
782 1733 899 1812 dignum
919 1737 971 1802 eat,
991 1731 1068 1812 quod
1087 1732 1166 1870 impii
1185 1750 1229 1792 sa·

96 1809 227 1870 uerdotes
247 1817 276 1868 et
294 1809 402 1870 scribae
421 1811 519 1890 lugeto
530 1807 657 1884 thuere,
674 1811 703 1873 in
724 1832 782 1892 quo
801 1809 910 1872 habitat
927 1816 988 1870 tota
1008 1810 1117 1889 plenitu
1137 1809 1228 1870 odei·

97 1891 176 1962 ram,
197 1891 307 1948 externi
323 1889 424 1969 templi
438 1891 645 1969 possessionem
655 1891 795 1955 retinent:¹
808 1892 889 1972 atqui
898 1891 982 1970 longe
992 1889 1128 1950 tntuntm
1138 1909 1229 1969 quum

100 1969 242 2048 templum
261 1988 293 2028 se
311 1967 414 2028 habero
433 1975 536 2048 putant
554 1967 620 2036 Deo
639 1987 771 2032 vaonrnn.
810 1971 860 2032 Sie
879 1970 964 2030 hodio
976 1965 1141 2109 Ἔοικα
1160 1968 1227 2041 suis,

101 2068 193 2126 mum
212 2049 364 2128 prolligato
384 2045 500 2108 Christo
517 2046 673 2108 Ecalesiam
691 2049 912 2130 profanaverint,
932 2069 967 2110 m
1057 2047 1063 2062 '
1084 2045 1227 2108 totone

98 2127 178 2190 mre
196 2127 284 2190 stulte
302 2126 466 2208 gloriantur.
810 2187 814 2196 ¹

435 2495 746 2626 cernor
806 2463 886 2584 rx.
1074 2486 1103 2592 .:

185 2695 215 2761 1.
246 2692 289 2760 Et
316 2691 510 2784 praeteriens
531 2691 619 2760 lesus
640 2689 718 2758 vidit
733 2653 901 2760 »hominem
922 2653 1054 2772 coenum
1076 2657 1099 2756 a·
1116 2687 1223 2756 nau'ri·

95 2811 165 2870 tate.
197 2802 229 2868 2.
245 2799 289 2867 Et
304 2800 564 2890 interogarerunt
585 2821 660 2866 eum
683 2797 824 2890 discipuli
845 2796 1092 2885 einaldioente'af,
1113 2793 1223 2883 Rabbi‚

95 2907 164 2998 quia
183 2905 342 2998 peccam,
375 2905 429 2972 hie
455 2900 495 2971 a'n
521 2899 676 2996 parentes(
695 2903 776 2987 eius,
807 2914 845 2972 ut
877 2903 990 2972 coecus
1023 2897 1236 2991 nasceretur?

94 3015 124 3081 3.
145 3012 325 3104 Respondit
344 3011 443 3094 lesus,
464 3009 577 3102 Neque
598 3010 651 3078 hio
671 3009 821 3100 peccavit,
841 3032 946 3099 neque
966 3019 1115 3099 parentes
1135 3007 1221 3076 eiust
1326 3025 1331 3046 ι

94 3121 152 3186 sed
171 3130 212 3185 nt
230 3118 470 3186 manifestentur
491 3141 586 3210 opera
608 3115 670 3184 Dei
691 3116 724 3183 in
745 3115 810 3183 illo.
854 3109 885 3184 4.
919 3113 973 3182 Me
1001 3101 1128 3206 oportet
1149 3133 1222 3202 ope

95 3223 169 3304 rari·
187 3245 286 3314 opera
313 3213 483 3314 eine'qui
507 3221 592 3290 misit
617 3247 684 3308 me,
716 3221 819 3289 donec
840 3219 907 3288 dies
935 3229 997 3287 est:
1030 3217 1221 3300 renitaris,

97 3328 231 3418 quando
258 3351 354 3396 nemo
378 3340 480 3420 potest
502 3328 644 3422 operari·
679 3327 710 3396 5.
743 3324 902 3414 Quamdiu
922 3325 1016 3392 fuero.
1032 3324 1066 3392 in
1088 3323 1220 3406 mundo,

92 3434 393 3520 wmmm
742 3434 1173 3528 γ’],ᾍ

171 3566 242 3624 let
262 3567 290 3624 2.
336 3564 417 3624 Vidit
441 3567 584 3629 dominam
609 3583 733 3626 ommam.
773 3557 837 3618 Hoc
861 3557 957 3637 ,eapite
984 3552 1219 3616 illuminationem
1264 3583 1268 3586 ·

75 3639 361 3724 ,omttvmgettrta
379 3643 520 3718 desoribit,
538 3644 624 3704 simul
643 3642 800 3705 doctrinam
820 3637 975 3700 admiscens
996 3631 1220 3714 qunormiraauli
1343 3698 1352 3709 ,

92 3721 217 3781 nucum
234 3722 440 3784 mmmmdet,‚
461 3728 493 3786 Δ
511 3731 672 3786 mantare.
711 3719 790 3782 Haeo
809 3717 1017 3786 circumstantia
1033 3711 1142 3782 ..Christi
1161 3711 1217 3780 rir-

93 3805 186 3861 tntem
203 3802 369 3884 ampliiioat:
388 3823 483 3883 neque
502 3805 576 3864 enim
597 3800 726 3862 humanis
746 3799 876 3863 remediis
896 3795 1025 3858 curabilis
1045 3797 1107 3856 erat
1121 3792 1216 3860 ,onesi-

93 3886 155 3950 mi
185 3901 266 3960 quam
290 3882 407 3944 allatam
426 3895 464 3944 en
482 3884 579 3944 matris
598 3889 680 3942 atero
700 3879 860 3962 pertulerat.
873 3877 921 3940 ille
940 3875 976 3936 ad
995 3873 1216 3952 virttemnsque

90 3965 224 4020 aetatem.
259 3962 328 4024 Inde
348 3971 446 4024 nutem
465 3962 608 4043 discipulis
628 3961 721 4022 oblata
740 3959 793 4020 fuit
812 3956 968 4018 movendae
981 3953 1153 4034 quaestionis
1163 3971 1215 4022 ,oo-

70 4040 177 4116 nasio,
197 4043 274 4104 onina
292 4045 406 4124 pensati
424 4043 495 4103 haee
508 4049 691 4122 esaetpoena.
710 4038 817 4113 Primo,
836 4057 926 4118 quum
938 4041 1059 4095 testatur
1067 4031 1215 4112 Scriptura

87 4137 237 4182 momnas
256 4143 365 4198 omnes,
386 4123 491 4203 qnilrus
508 4121 664 4190 obnoxium
683 4126 726 4180 est
745 4137 833 4200 genus
850 4119 1020 4188 humanum,
1039 4133 1076 4175 ax
1095 4118 1214 4207 peceato

86 4203 245 4284 provenire,
270 4206 386 4284 quoties
406 4203 529 4284 aliquem
541 4202 683 4274 ,miseram
701 4199 850 4272 cerninus,
864 4195 936 4256 ¹lieri
952 4215 1015 4256 non
1032 4199 1134 4275 potest·
1145 4211 1215 4288 qum

85 4281 180 4341 statim
199 4284 296 4344 vmiat
315 4284 346 4346 in
365 4289 491 4346 mentem
509 4282 581 4344 haeo
600 4281 741 4362 copodo,
761 4275 939 4344 inconmoda
1000 4277 1007 4292 ’
1029 4293 1063 4334 ns
1076 4278 1216 4370 promitur

160 4381 192 4422 aa
216 4381 280 4424 ease
304 4361 471 4424 manullei
495 4363 622 4424 inlliataa.
662 4359 722 4420 Sed
739 4357 787 4422 hio
805 4357 896 4424 triltus
915 4375 963 4418 mo
984 4357 1007 4420 is
1026 4367 1117 4422 eman:
1131 4351 1214 4448 polet.

109 4459 158 4501 am
177 4462 269 4522 quom
287 4443 318 4504 in
336 4443 411 4504 alios
425 4444 552 4524 quisquo
570 4442 724 4502 aoerrimus
738 4439 776 4504 ait
788 4448 897 4513 eensod
917 4438 1003 4558 pappi
1014 4439 1213 4512 suntqmeatt·
