2754 4864
540 225 669 290 CAPUT
687 223 749 292 Vll.
1080 253 1083 262 ’
1138 241 1197 306 145

75 343 177 417 datum,
207 345 241 400 ut
266 340 447 422 lapidationis
471 343 581 404 initiam
605 339 686 405 heret
709 363 725 404 a
745 345 875 424 testibus,
905 345 971 430 qnia
999 347 1047 412 ubi
1076 357 1199 436 propriis

73 423 200 482 manibus
218 422 408 502 perpetranda
433 431 476 482 est
500 426 614 498 coedes,
642 421 748 486 medius
771 433 848 486 tenet
872 429 921 489 reli
943 433 983 504 'o,
1013 433 1062 513 qui
1091 435 1197 515 alioqui

73 505 162 562 minus
179 500 297 560 horrent
317 497 430 579 liuguae
449 504 571 582 periurio
592 507 720 586 iugulare
738 507 878 568 innoxios.
959 513 975 569 d
1001 511 1114 572 interim
1138 515 1196 574 eol-

71 583 192 662 ligimus,
213 599 304 662 quam
321 599 406 640 coeca
426 588 456 640 et
475 601 579 643 vesana
599 585 685 644 inerit
702 585 818 645 testium
836 589 957 648 istorum
969 591 1123 671 impietas,
1147 595 1197 674 qui

73 663 129 720 iam
147 661 243 740 lingua
263 659 431 732 homicidae,
451 665 640 742 sanguinarias
659 665 744 724 etiam
763 683 863 725 manus
886 669 991 727 insonti
1015 671 1114 732 afferre
1137 693 1196 733 non

69 741 201 800 dubitent
243 737 332 818 Quod
352 741 499 820 depositos
518 743 585 802 dicit
604 744 691 804 inisse
709 751 802 804 vestes
822 747 857 806 ad
877 749 963 828 pedes
983 747 1076 825 Sauli,
1102 761 1195 812 osten·
1235 757 1239 767 '

68 821 109 878 dit
126 839 176 900 per
195 837 261 878 enm
279 837 339 878 uon
359 822 484 892 stetisse,
514 824 666 900 quominus
687 825 718 883 iu
743 840 857 884 mosum
880 827 1031 906 reprobum
1052 834 1196 892 coniectus

69 919 133 958 cum
158 900 218 958 aliie
241 900 353 980 periret.
395 897 469 977 Quis
492 905 567 960 enim
591 903 769 983 desperatum
793 924 851 962 uon
881 915 1007 986 putaret,
1037 912 1086 990 qui
1114 931 1196 972 suam

69 979 286 1038 adolescentiam
314 978 365 1038 tali
388 979 445 1038 iam
469 982 600 1041 tirocinio
629 983 790 1042 imbuerat?
829 982 928 1065 Neque
952 995 1028 1046 actas
1052 989 1088 1048 ad
1117 997 1193 1050 este·

70 1057 216 1116 noandum
235 1058 338 1116 crimen
358 1059 540 1138 exprimitur,
569 1062 809 1141 quemadmodum
832 1063 956 1145 imperiti
976 1067 1090 1146 qnidam
1110 1071 1139 1128 in
1155 1079 1194 1129 'eo
1264 1056 1272 1077 ⁵

69 1137 217 1195 laborante
244 1137 299 1194 iam
324 1138 399 1194 enim
424 1155 461 1196 eo
482 1141 581 1198 aetatis
600 1148 779 1220 pervenerat,
809 1149 842 1201 ut
866 1147 1011 1205 munatio
1031 1145 1067 1206 ab
1085 1149 1194 1208 inscitia

69 1218 130 1296 peti
153 1235 210 1274 non
235 1224 338 1296 posset.
378 1214 416 1276 Et
444 1218 531 1297 paulo
559 1227 625 1298 post
654 1219 756 1279 reseret
783 1219 889 1297 Lucas,
918 1227 1035 1286 missum
1062 1225 1148 1287 luisse
1176 1223 1194 1287 a

68 1315 179 1354 summo
208 1293 361 1355 Sacerdote
386 1295 421 1354 ad
450 1298 659 1392 persequendos
683 1297 789 1360 fideles.
830 1299 982 1362 Pueritiam
1006 1324 1074 1364 ero
1097 1325 1193 1367 esoes·

65 1382 154 1447 serat,
184 1381 216 1433 ut
243 1377 299 1434 iam
330 1377 403 1434 inter
432 1396 508 1435 viros
538 1379 644 1437 censeri
673 1385 776 1458 posset
817 1378 879 1439 Cur
903 1395 971 1462 ergo
990 1326 1195 1446 adolescentiae

63 1453 97 1512 iit
128 1455 258 1514 mentio?
283 1473 388 1536 nempe
411 1462 445 1514 nt
463 1475 559 1516 secum
579 1459 700 1536 quisque
724 1465 850 1538 reputet,
920 1465 1017 1522 autum
1046 1467 1194 1524 nocitunas

61 1533 207 1593 Ecclesiae
231 1533 329 1608 luerit,
359 1535 411 1594 nisi
441 1542 551 1594 unatuee
574 1547 646 1596 edin
663 1537 835 1598 cohibuisset
859 1539 884 1598 C
906 1541 999 1601 sistus.
1039 1544 1134 1624 Atque
1163 1547 1193 1604 in

60 1633 97 1672 eo
117 1613 240 1674 nobilius
260 1620 321 1671 tum
340 1617 484 1693 potentiae
503 1613 559 1674 Dei
580 1622 641 1674 turn
657 1619 767 1696 gratiae
785 1619 927 1698 specimen
951 1621 1085 1702 refulget,
1115 1625 1193 1702 qnod

60 1695 215 1752 immanem
235 1691 358 1751 belluam
377 1695 407 1752 in
427 1713 538 1753 summo
558 1693 670 1754 lomere
690 1704 835 1757 momento
855 1697 973 1771 domuit,
991 1709 1022 1759 et
1041 1699 1193 1781 quodiam

59 1771 219 1832 honorilice
239 1773 371 1831 miserum
393 1772 562 1834 leomicidnm
581 1775 699 1848 extulit,
723 1777 773 1856 qui
797 1795 850 1836 suo
869 1779 974 1856 scelere
992 1780 1048 1838 ia'm
1067 1781 1128 1840 iere
1146 1801 1193 1841 us·

60 1871 120 1933 qne
140 1853 177 1910 ad
197 1852 304 1912 inferos
323 1852 467 1912 demersus
487 1859 556 1913 erat
687 1875 690 1880 ·

140 1933 190 1993 59.
230 1935 434 1992 leaaaooouaem.¹
459 1931 535 2010 Quia
554 1934 612 1992 tam
631 1933 699 1994 eatis
718 1933 870 1994 euboeam
889 1933 965 2014 apud
985 1929 1114 2003 homines
1128 1951 1192 2018 per·

15 2039 21 2048 ·
56 2011 184 2085 diderat,
202 2009 305 2070 meiito
325 2011 361 2070 ad
382 2011 476 2072 ileum
494 2031 526 2071 se
544 2014 685 2072 conuertit
708 2019 737 2072 et
760 2013 797 2072 ad
821 2015 914 2072 omnia
940 2013 1103 2094 perferenda
1150 2037 1192 2075 re·

55 2093 141 2152 cibus
161 2109 192 2150 se
212 2098 311 2150 armat.
352 2085 424 2149 Nam
444 2108 534 2170 quum
554 2091 583 2150 in
603 2098 670 2151 toto·
684 2093 800 2151 miiitiae
817 2100 931 2152 nonnae
957 2113 1041 2152 cuma
1071 2095 1106 2154 ad
1130 2037 1193 2155 bet

53 2172 206 2310 iiiii&
236 2169 860 2310 tittnttmttutsltf‘ltitt
885 2173 1055 2312 liiidie?
1069 2174 1193 2313 diffidi

51 2291 216 2390 incoestiei'.
240 2269 352 2408 ᾳὸεειε
372 2347 442 2390 vero
462 2331 609 2410 praecipiti
627 2294 705 2392 rubii
725 2332 848 2412 enmepti
867 2331 986 2406 luerint,
1015 2330 1118 2402 iterum
1144 2351 1192 2394 ex·

50 2411 161 2490 peimit
179 2407 289 2468 Lucas:
319 2406 398 2489 quod
415 2429 511 2547 ¹quum
535 2427 651 2469 servam
669 2409 775 2470 Christi
799 2411 965 2492 suppliciter
987 2413 1098 2492 precari
1116 2413 1192 2472 vide-

52 2497 140 2560 rent,
171 2491 265 2548 tamen
287 2507 345 2548 uon
366 2489 414 2549 lue
439 2488 597 2570 truitigata
616 2507 716 2550 eorum
741 2489 917 2552 truculentia.
957 2487 1048 2550 Porro
1078 2491 1193 2552 bimem-

52 2567 122 2628 bris
153 2567 202 2626 bic
223 2565 357 2648 Stephani
380 2571 506 2650 precatio
530 2569 659 2628 retertur.
699 2568 799 2629 Priore
828 2571 956 2630 membro
985 2570 1034 2628 ubi
1063 2571 1193 2652 spiritam

51 2667 149 2707 sunm
176 2645 288 2707 Christo
312 2651 506 2721 commendat,
535 2649 602 2708 fidei
629 2665 697 2709 snae
720 2651 907 2710 constantiam
931 2650 1072 2708 ostendit:
1102 2649 1193 2710 altero

51 2727 111 2787 nbi
147 2733 209 2786 orat
233 2747 287 2808 pro
305 2727 424 2788 inimicis
444 2730 590 2788 caritatem
609 2735 730 2788 testatur
754 2747 820 2812 erga
844 2729 980 2789 homines.
1020 2727 1120 2808 Quum
1148 2729 1193 2789 his

47 2807 173 2866 duabus
192 2805 319 2901 partibus
345 2813 455 2868 constet
478 2813 539 2868 tota
563 2809 675 2889 pietatis
699 2810 848 2890 perfectio,
878 2809 1014 2869 hahemus
1042 2811 1072 2869 iu
1101 2815 1193 2870 morte

48 2885 203 2967 Stepham
231 2903 328 2946 rarum
358 2889 404 2968 pie
433 2894 585 2968 nudeque
609 2887 748 2948 moriendi
767 2887 938 2969 eusnaplum.
979 2887 1121 2949 Credibile
1149 2895 1195 2949 est

44 2965 190 3048 pluribus
210 2965 272 3026 aliis
292 2967 385 3026 verbis
404 2967 490 3026 brisce
509 2987 607 3040 mum,
626 2968 677 3026 sed
697 2967 754 3026 huc
773 2967 882 3027 redibat
901 2986 1020 3028 summa.
1185 2980 1189 2988 ’

139 3045 270 3106 Donetm
289 3047 366 3106 Iesu.
406 3045 465 3106 lam
485 3045 559 3120 dixi,
589 3060 701 3127 piscem
729 3045 802 3105 hanc
826 3046 946 3106 fiduciae
969 3053 1071 3108 testem
1093 3045 1192 3108 luisses

41 3133 85 3187 ct
111 3133 191 3184 certe
216 3129 313 3206 ingens
337 3126 391 3186 luit
420 3127 506 3184 animi
536 3125 715 3205 magnitudo,
745 3124 821 3204 qnod
852 3125 958 3205 lapides
987 3127 1044 3184 iam
1074 3127 1195 3185 volitare

42 3221 196 3280 cerneus,
226 3205 329 3286 quihus
354 3221 424 3264 mox
444 3207 481 3264 sit
500 3203 674 3276 obruendus,
700 3205 774 3262 diras
793 3203 919 3282 undique
938 3205 1146 3264 exsecrationes
1165 3211 1195 3262 et

40 3281 168 3370 probra
196 3285 225 3343 iu
250 3291 336 3365 caput
360 3303 444 3346 suum
469 3285 598 3358 audieus,
628 3300 727 3344 secure
757 3280 850 3344 tamen
881 3284 910 3340 in
940 3281 1048 3342 Christi
1076 3285 1195 3361 gratiam

39 3361 209 3426 recumbit
249 3363 291 3423 lta
311 3363 416 3424 scillcet
436 3362 577 3424 Dominus
596 3381 694 3424 servos
714 3381 781 3420 seros
805 3361 947 3421 interdum
971 3361 1036 3421 vult
1061 3364 1142 3440 qnasi
1164 3364 1195 3422 in

39 3443 184 3504 nihilum
202 3441 304 3524 redigi,
324 3461 383 3524 quo
401 3439 557 3503 mirabilior
575 3444 611 3501 sit
630 3460 732 3517 eormq
752 3441 836 3500 salus.
877 3439 938 3500 Noe
964 3459 1040 3524 vero
1058 3441 1132 3500 hauc
1151 3457 1194 3500 sa·

39 3527 153 3584 lutem
178 3523 345 3583 definiamus
369 3541 427 3582 non
452 3525 544 3582 carnis
568 3528 683 3582 nostrae
707 3538 791 3578 sensu
816 3520 864 3580 sed
885 3519 951 3579 tide.
990 3519 1029 3579 Et
1057 3519 1196 3596 videmus,

36 3611 88 3662 ut
110 3604 231 3664 minimo
247 3606 339 3662 caruis
357 3603 461 3664 iudicio
471 3599 634 3682 Stephanus
654 3600 809 3680 indulgeat,
830 3601 900 3680 quin
919 3600 1013 3680 potins
1034 3619 1064 3659 se
1083 3595 1141 3659 ini
1163 3617 1196 3660 so

38 3683 181 3743 interitu
200 3681 312 3742 salvum
330 3683 394 3742 lore
413 3682 559 3742 confidens
584 3699 617 3740 ae
639 3698 676 3741 uo
701 3683 797 3740 auimo
821 3687 938 3760 oppetat
961 3686 1092 3739 monem.
1143 3698 1198 3776 'oe

34 3759 265 3901 ggbbbnldffil
277 3761 385 3902 sigliis
406 3757 1197 3922 ὶξῗέεᾶοἷᾍ,θὲ,).ηῒ1ῗ;ε(ιῐιιὲιοίεῃῒτῐέῐεὲεεέοῐξροῖεᾙπὲἕ

31 3923 138 3982 nime
159 3918 296 3980 sollicitus
316 3923 439 3980 animam
458 3939 539 3980 suam
558 3923 587 3980 in
607 3919 713 3979 Christi
733 3937 834 3977 maniis
859 3918 1023 3998 depdsuisse
1047 3925 1197 3979 contentus

30 4007 111 4062 est.
156 3995 257 4082 Neque
277 4001 353 4060 enim
373 4017 411 4060 ex
430 4003 525 4060 animo
544 4002 584 4059 ita
605 4000 713 4080 precari
738 4003 864 4078 poterat,
894 3998 947 4056 uisi
962 3997 1130 4078 'praecentis
1154 3999 1196 4058 vi·

30 4091 105 4142 tae
139 4073 245 4139 oblitus
275 4087 305 4139 et
352 4095 449 4140 rursus
479 4077 586 4139 abiecta
616 4081 676 4138 eins
706 4095 782 4137 eura.
823 4075 969 4155 Quamdiu
996 4095 1145 4139 versamur
1166 4078 1197 4138 iu

28 4157 190 4232 mundo,
217 4159 284 4239 quia
308 4099 549 4219 millemortuus
573 4178 672 4217 snmus
696 4175 808 4253 semper
832 4155 953 4231 obsessi,
982 4159 1112 4238 spiritum
1132 4177 1197 4238 noae

28 4250 141 4300 trum
171 4237 297 4318 quotidie
325 4237 355 4297 in
383 4236 440 4298 Dei
468 4255 570 4298 manns
598 4257 666 4298 cum
689 4235 802 4298 Dande
826 4235 1023 4296 commendere
1043 4255 1096 4297 nos
1115 4238 1198 4297 decet

26 4315 160 4398 (Peal.
180 4321 234 4392 31,
254 4319 316 4396 6.),
346 4319 379 4377 nt
404 4319 510 4378 scilicet
533 4319 622 4376 attam
645 4324 774 4377 nostram
793 4335 810 4376 a
822 4315 963 4457 periculis
988 4315 1195 4376 omuibm‘ori·

26 4399 138 4482 piat,
158 4397 209 4458 sed
229 4395 277 4458 uhi
296 4400 375 4458 certo
395 4397 431 4456 ad
451 4403 572 4458 mortem
591 4413 741 4472 vocamur,
766 4393 820 4457 bun
835 4395 986 4476 ugieudum
1004 4403 1049 4457 est
1068 4396 1104 4456 ad
1123 4394 1198 4458 hene

74 4491 198 4534 chenu
215 4493 238 4536 u
251 4495 381 4568 nonnae
395 4493 457 4535 τοι.
471 4495 511 4534 re.
841 4479 882 4538 1⁰
