2754 4864
522 199 651 264 carm
670 201 747 264 Vll·
1124 203 1184 270 tta

60 317 134 380 66611
153 315 269 381 minim
282 313 361 376 66166
380 321 448 376 6661
467 319 657 399 perspicaces,
676 317 764 378 661661
783 311 896 380 cosluds
915 315 1090 398 perveniant.
1121 316 1183 386 lma

60 399 149 480 inagis
167 395 281 456 hebetes
301 399 481 456 6661666616
500 398 588 470 66611,
608 416 695 478 quam
715 395 879 458 616661666
898 399 1050 476 requirant.

144 476 375 556 6166566666
395 476 450 536 dri.
489 474 762 558 81861666116666,
787 477 1027 556 quemadmodum
1046 475 1121 552 dixi,
1144 496 1184 540 ex

101 577 119 616 6
138 555 300 635 Stephanus
324 555 354 614 in
380 555 491 616 coelam
514 557 629 616 sustulit
653 557 766 629 666166,
795 555 889 618 statim
913 555 955 616 illi
978 556 1073 616 616666
1095 556 1184 618 luisse

87 637 216 696 hristum:
237 633 288 693 sed
308 639 374 694 6616
392 633 526 696 admonet
544 635 630 696 luisse
650 636 711 696 aliis
730 635 819 695 oculis
839 635 975 696 donatum
989 654 1076 716 quam
1094 641 1182 698 terre·

58 717 111 786 nis,
130 721 162 774 61
181 733 307 793 quorum
326 715 498 794 perspicacia
515 715 553 776 ad
572 711 627 774 Dei
647 734 739 794 usqne
757 713 876 795 gloriam
895 715 998 776 evolat.
1029 713 1182 776 116616666-

59 795 100 854 bis
119 793 275 873 colligenda
295 800 339 857 661
357 794 495 874 generalis
514 791 684 869 consolatio,
703 793 802 856 Deum
820 814 879 852 non
899 795 992 854 minus
1011 793 1183 855 661166116-

58 881 168 946 turum,
192 873 334 934 sirelicto
354 869 462 933 mbndo
486 874 523 934 ad
547 893 613 936 eum
636 893 735 935 sensus
760 892 858 934 omnes
882 874 973 934 nostri
997 873 1182 934 contendente
1244 927 1247 936 .

59 951 1183 1113 666666.1166666611116666116166

60 1130 134 1170 mus.
174 1109 268 1190 Atque
287 1109 333 1170 hio
352 1111 454 1172 6666166
473 1074 687 1174 6166611166ὴί6
710 1111 841 1172 sulficere
865 1110 962 1184 debet,
992 1129 1082 1190 qutun
1100 1110 1183 1172 Deus

61 1211 113 1250 sna
133 1191 236 1250 virtute
254 1196 283 1250 61
302 1191 391 1271 gralia
410 1211 467 1252 non
486 1191 573 1252 modo
593 1210 624 1250 66
642 1192 837 1273 propinquum
855 1209 917 1250 essa
930 1189 1113 1266 demonstrat,
1131 1191 1182 1252 sed

61 1271 148 1332 etiam
166 1269 267 1352 probat
285 1289 316 1330 se
336 1270 365 1330 lo
385 1271 466 1330 nobis
484 1271 619 1330 habitare.

138 1351 185 1412 56.
205 1352 280 1410 Eser
295 1351 376 1410 eldea
390 1353 493 1412 6666166.
517 1349 583 1412 Non
601 1349 734 1432 privatim
753 1348 840 1408 modo
859 1347 1007 1408 consulere
1025 1366 1110 1408 66666
1129 1367 1183 1410 666

58 1429 150 1488 661611
172 1427 269 1503 Deus,
297 1430 347 1488 sed
371 1430 468 1491 hostes
492 1449 607 1512 quoqne
626 1450 695 1492 suos
714 1449 797 1490 urere
816 1449 851 1488 ac
871 1435 1018 1509 torquere:
1048 1427 1182 1521 quenad-

57 1509 174 1568 modum
194 1507 357 1588 Stephanus
376 1509 431 1586 illis
450 1511 576 1572 animose
595 1511 726 1582 insultat,
750 1529 841 1588 qaum
860 1507 953 1590 palam
972 1507 1114 1588 praedicat
1133 1506 1183 1566 ob·

57 1590 147 1648 latum
175 1587 228 1647 sibi
253 1589 430 1650 miraculum.
480 1587 634 1668 Quaeritur
661 1595 757 1650 autem
826 1587 931 1648 omodo
960 1585 1051 1666 aperti
1079 1585 1184 1646 1666161

56 1669 138 1728 coeli.
178 1664 326 1746 Quantum
345 1667 382 1728 ad
401 1688 447 1728 me
466 1670 581 1742 attinet,
605 1669 676 1729 nihil
699 1669 729 1728 in
748 1687 895 1727 cocorum
918 1673 1019 1724 natura
1041 1671 1183 1725 mutatum

56 1749 145 1807 inisse
163 1747 299 1822 arbitror,
319 1749 370 1808 scd
389 1749 483 1815 datam
502 1747 647 1828 Stephano
667 1767 772 1808 666666
790 1749 893 1820 aciem,
918 1763 991 1838 quae
1015 1763 1067 1825 per
1091 1744 1182 1804 obsta·

54 1828 122 1886 6616
142 1828 238 1888 omnia
258 1847 348 1908 usque
366 1827 404 1888 ad
422 1827 590 1888 invisibilem
610 1829 690 1909 regni
715 1827 844 1886 coelestis
867 1826 989 1906 glossam
1013 1829 1182 1903 penetraret.

53 1905 131 1966 Nam
151 1912 184 1966 ut
203 1907 302 1967 demus
321 1905 407 1968 luisse
425 1909 550 1988 aliquam
570 1909 641 1968 eceli
660 1908 826 1980 scissuram,
851 1922 997 1982 nunquam
1016 1912 1110 1964 tamea
1131 1903 1181 1962 ho·

51 1988 141 2046 minis
160 1987 260 2048 oculus
280 2006 406 2068 eousque
424 1987 645 2048 transcenderet.
687 1985 799 2046 Deinde
823 1985 877 2044 soli
901 1982 1047 2062 Stephano
1073 1981 1183 2060 conspi-

51 2086 111 2126 cua
131 2065 185 2125 1611
204 2063 260 2126 Dei
280 2067 376 2145 gloria.
397 2065 492 2148 lm'piis
511 2069 587 2127 enim
608 2068 657 2146 qui
676 2067 776 2126 6661666
796 2065 859 2124 loce
880 2061 1000 2138 stabant,
1019 2081 1077 2120 uon
1096 2059 1184 2120 modo
1229 2115 1239 2126 ,

49 2145 162 2206 latebat
181 2147 237 2206 tale
256 2147 458 2226 spectaculum,
478 2147 529 2206 sed
548 2149 621 2206 intra
641 2165 673 2206 se
692 2145 835 2205 excaecati
854 2148 979 2224 apertam
1000 2140 1126 2200 66611666
1140 2139 1184 2198 lu·
1281 2205 1290 2223 ·

49 2245 119 2284 6666
139 2245 198 2286 non
217 2225 376 2286 cernebant
421 2226 470 2285 Sic
494 2245 562 2306 ergo
586 2232 699 2305 apertos
724 2223 777 2284 sibi
800 2242 862 2282 6666
886 2221 981 2284 coelos
1007 2219 1088 2294 dicit,
1117 2219 1193 2300 quia

48 2305 128 2366 nihil
148 2325 213 2366 enm
233 2305 366 2386 impediat
391 2324 407 2364 a
433 2305 540 2384 gloriae
563 2303 622 2364 Dei
644 2310 769 2386 aspectu.
814 2301 896 2362 Unde
921 2301 1049 2379 sequitur
1071 2317 1129 2358 noa
1154 2299 1185 2358 in
1315 2339 1321 2353 .

48 2385 144 2446 coelis
173 2385 223 2446 6661
246 2385 340 2466 potios
368 2385 398 2444 ia
422 2385 483 2446 eius
508 2385 598 2444 oeulis
622 2385 730 2446 editum
754 2383 840 2442 fuisso
864 2377 1039 2442 miraculum.
1085 2375 1185 2457 Quam

47 2484 118 2524 non
137 2469 179 2523 est
198 2464 276 2543 qnod
294 2463 340 2524 bio
359 2463 482 2524 multum
503 2465 679 2546 disputemus
700 2463 736 2524 de
755 2464 864 2523 visione
883 2461 1016 2542 physica.
1037 2458 1105 2538 quia
1123 2477 1184 2518 cer·

48 2552 122 2602 tum
141 2549 186 2602 est
204 2543 314 2604 minime
333 2545 455 2605 naturali
474 2544 573 2604 ordine
592 2544 639 2604 661
659 2544 759 2616 modo,
780 2543 829 2602 sed
848 2561 923 2600 nova
942 2545 972 2600 61
990 2538 1125 2618 singulari
1140 2555 1184 2596 ra·

49 2625 138 2682 tione
156 2623 248 2684 visum
265 2623 305 2684 illi
324 2623 410 2686 l'oisso
431 2623 586 2684 Christum.
625 2621 664 2684 Et
683 2645 770 2704 quos,
795 2621 927 2691 obsecro,
952 2619 1065 2678 colores
1085 2615 1185 2702 babuit

46 2703 116 2762 Dei
126 2699 224 2781 gloria,
243 2705 291 2782 qui
306 2705 470 2764 661666611166
488 2705 518 2764 16
538 2706 629 2764 camis
650 2704 748 2764 oculos
768 2703 959 2762 incurrerent?
984 2697 1060 2777 Ergo
1079 2699 1109 2757 in
1129 2697 1183 2756 hac
1246 2775 1252 2784 Ι

47 2783 168 2842 visione
188 2782 257 2841 nihil
277 2785 328 2842 nisi
349 2785 477 2844 divinum
497 2786 621 2866 cogitare
641 2785 731 2844 decet
755 2781 820 2842 Hoc
835 2787 978 2862 praeterea
998 2786 1096 2837 notare
1116 2795 1184 2857 ope-

44 2881 105 2922 rae
124 2863 250 2956 pretium
255 2869 323 2936 est,
353 2862 408 2922 Dei
430 2864 551 2945 gloriam
575 2863 723 2945 Stephano
748 2883 806 2922 non
830 2860 993 2942 apparuisse
1011 2857 1184 2918 insolidum

45 2940 149 3022 qnahs
168 2948 241 3016 erat,
261 2941 469 3022 sed'qoantum
489 2943 596 3006 ferebat
615 2943 738 3004 bominis
757 2947 866 3021 eaptus.
907 2938 1007 3018 Neque
1031 2938 1109 2998 euim
1133 2937 1183 2996 illa

42 3023 228 3082 immensitas
248 3029 392 3082 creaturae
411 3023 528 3083 modulo
548 3043 613 3084 eom
635 3021 749 3082 6616666611
767 3026 869 3100 potest.

137 3103 249 3163 Filiam
272 3106 398 3162 66661616
416 3113 551 3164 stentem.
591 3045 738 3162 Christum
757 3099 882 3158 videtin
908 3115 941 3155 ea
961 3113 1046 3155 came
1064 3113 1184 3189 regnan·

44 3189 132 3252 tem,
159 3182 190 3239 in
231 3200 266 3241 66
285 3181 445 3242 exinanitos
469 3183 574 3254 luerat,
603 3188 637 3240 ut
656 3186 732 3240 certe
751 3181 780 3237 in
799 3177 855 3236 hoe
873 3195 932 3235 ono
952 3176 1044 3255 posita
1058 3179 1125 3232 erat
1142 3193 1184 3232 66-

43 3261 157 3320 cloria.
224 3281 261 3320 66
281 3269 325 3322 661
344 3263 430 3340 igitur
449 3281 672 3357 supervacuum,
692 3257 769 3338 quod
790 3256 829 3315 illi
850 3254 981 3315 Christus
1001 3257 1127 3349 apparet.
1147 3249 1185 3310 Et

41 3341 110 3399 hac
130 3357 216 3400 causa
234 3342 318 3400 etiam
337 3347 423 3402 vocat
442 3339 545 3402 11166666
564 3339 700 3400 bominis:
719 3337 776 3397 acsi
792 3335 906 3406 61166661,
926 3331 1079 3394 1166666666
1094 3329 1185 3424 illam,
1220 3337 1223 3354 ¹

75 3437 144 3480 uem
164 3425 256 3480 morte
275 3420 413 3481 abolitum
433 3421 552 3501 putatis,
575 3420 659 3480 616166
684 3418 829 3480 coelorum
856 3415 974 3494 imperio
1038 3410 1098 3483 11616
1121 3415 1192 3468 6166·

42 3439 119 3558 dete
137 3505 210 3580 'ergo
230 3500 362 3596 utlibet,
386 3519 445 3560 noo
464 3499 606 3579 estquod
625 3499 662 3558 ad
682 3499 848 3576 sanguinem
867 3513 960 3588 usqne
1004 3489 1111 3585 ubitem
1119 3507 1184 3628 pro

40 3579 684 3736 6666616666666
702 3575 1185 3740 6666666666..

38 3738 196 3817 gestiens,
216 3745 249 3799 ut
268 3745 312 3800 est
330 3739 471 3800 interdum
492 3739 558 3820 plns
577 3757 670 3820 aequo
691 3737 824 3816 argutior,
844 3735 911 3796 dicit
931 3731 1027 3792 sedere
1045 3735 1184 3824 tanquam

39 3815 194 3889 iudicem,
219 3824 288 3878 tnnc
306 3820 418 3880 stetisse
441 3825 577 3900 tanquam
604 3820 784 3879 advocatum.
828 3813 890 3896 Ego
915 3831 983 3872 6666
1008 3807 1184 3875 1666166616-

37 3914 156 3956 versae
175 3903 243 3956 66661
262 3899 333 3958 16166
353 3899 548 3979 loquutiones,
574 3899 649 3958 idem
673 3905 768 3959 tameo
793 3902 914 3974 ubsque
938 3891 1030 3951 661661
1053 3887 1184 3948 arbitror.

34 3974 160 4056 Neque
178 3977 255 4036 enim
274 3975 322 4040 vel
346 3980 433 4040 sessio
458 3981 506 4040 vel
529 3980 628 4052 statio,
658 3978 780 4059 qualiter
803 3974 991 4056 compositum
1016 3970 1053 4028 611
1077 3966 1195 4036 chnut

34 4073 177 4135 corpsrs,
206 4057 347 4138 designat:
378 4057 428 4119 sed
453 4059 509 4122 hoc
532 4059 570 4125 ad
592 4061 749 4140 potentiam
768 4062 796 4116 61
816 4073 935 4135 regnum
954 4049 1082 4110 66166166.
1126 4045 1184 4108 Ubi

29 4136 130 4194 enim
153 4135 194 4194 illi
215 4137 418 4198 collocabimus
437 4139 574 4210 tribunal,
604 4139 633 4197 in
658 4159 716 4218 qno
736 4137 832 4196 sedeat
852 4133 887 4192 ad
912 4131 1004 4191 Patris
1029 4128 1184 4200 dexteram,

30 4213 173 4353 :quando
193 4216 235 4278 sie
253 4215 335 4278 Deus
355 4219 450 4279 omnia
468 4220 576 4300 implet,
596 4225 629 4276 nt
648 4217 743 4278 nullus
764 4215 895 4276 dexterae
914 4215 975 4274 6166
994 4207 1184 4288 1666661166ςί

66 4293 177 4354 abeat?
196 4293 248 4356 Est
267 4298 276 4358 i
296 4299 354 4358 'tur
372 4299 402 4358 in
425 4305 487 4360 toto
507 4303 643 4358 66616616
661 4295 842 4378 metaphora,
868 4311 957 4374 quum
975 4303 1055 4354 61666
1073 4289 1184 4348 66166-

27 4374 120 4436 den
142 4373 249 4438 dieitur
294 4377 567 4438 1616166661Ρ61616
593 4377 747 4439 dexteram.
792 4375 838 4436 Ac
862 4373 983 4454 simplex
1007 4388 1107 4431 sensas
1130 4373 1185 4440 est,
