2742 4856
145 3824 150 3832 ’
197 3819 274 3930 dum
297 3832 329 3890 et
350 3820 422 3890 illi'

188 207 248 272 292
587 201 627 262 1N
647 198 751 265 Acri
770 199 906 263 At‘ost.

190 325 286 398 irem„
299 319 476 382 red·nndito
505 317 611 380 loboris
640 337 740 380 eornm
764 335 899 378 onumen
918 315 973 378 Dei
997 321 1110 400 gretiam
1133 321 1283 404 praedicant.

190 403 324 462 Formam
343 399 478 480 loquendi
501 400 605 458 derum
627 400 729 478 repetit
746 395 856 469 Luem,
886 415 972 476 qnam
994 401 1121 538 pppppm
1146 405 1232 482 onpite
1247 405 1284 462 he

190 484 317 554 bnimns,
346 499 436 560 quum
454 478 529 538 vdioit
551 497 601 538 eos
624 493 767 554 nerreue,
796 495 981 557 quaecunque
1099 499 1164 540 enm
1187 481 1236 540 illis
1255 484 1285 544 le.

192 565 289 622 uisset:
321 561 352 618 in
377 577 434 640 qun
453 555 607 618 termnum
626 563 670 616 est
688 557 824 619 memoria
844 555 921 634 spond
940 558 1019 637 prins
1038 557 1110 631 dixi,
1135 558 1225 620 Deum
1240 583 1284 620 nor

191 641 279 701 stetui
298 639 507 719 cooperarium,
537 637 587 696 sed
612 637 653 696 illi
672 636 772 696 ascribi
790 635 910 695 solidum
929 637 1023 717 operis
1042 637 1161 698 leudem.
1198 639 1284 699 lenisse

193 740 262 800 ergo
282 719 384 778 dieitur
402 736 468 786 oum
486 715 579 776 Paulo
599 722 629 775 et
641 715 780 789 Bernaba,
799 715 879 794 qnod
899 734 950 794 per
968 717 1045 796 ipsos
1064 717 1141 788 lecit,
1159 719 1228 780 sinuli
1240 723 1279 780 mi-

193 797 374 860 sericnrdinm
393 797 542 856 nobiseum
561 795 653 854 sonere
672 795 784 866 dicitur,
803 794 851 853 nbi
869 795 988 854 miseriis
1006 799 1109 856 nostris
1127 800 1248 858 incenit

272 881 301 940 5.
342 878 470 952 Quidum
498 877 534 936 ds
551 877 693 958 sectione
720 877 959 936 Plurimum.
1002 872 1071 934 Non
1092 882 1191 936 tenere
1210 879 1279 958 expri-

194 960 248 1018 mit
266 955 358 1018 Lucas
383 974 471 1036 genus
494 953 655 1028 Ιιοιιιὶιιιιιιι,
684 956 735 1034 qni
755 951 878 1012 ΙΡιιιιΙιιιιι
901 955 997 1013 etium.
1018 951 1220 1034 Hierosolymis
1237 967 1273 1014 tor

194 1039 263 1097 bere
277 1037 324 1096 vel
343 1035 478 1116 impedire
497 1035 591 1093 eonati
610 1039 684 1094 snut.
715 1031 875 1094 Pmbubile
893 1039 988 1092 enlm
1009 1040 1067 1107 est,
1086 1035 1184 1094 melum
1200 1055 1231 1095 er
1247 1035 1284 1092 illo

194 1119 274 1178 fonto
293 1121 388 1176 ortum
407 1131 470 1174 esso
488 1121 517 1174 et
536 1131 613 1174 nuno
632 1113 736 1174 shrine
754 1111 877 1192 exprimi
894 1132 913 1171 ιι
931 1109 1028 1188 Luce,
1055 1132 1091 1172 ex
1112 1115 1200 1174 eedem
1216 1123 1285 1174 rents

195 1197 271 1256 nude
300 1193 462 1276 prodierant
487 1211 592 1274 proves
621 1191 697 1251 illius
721 1193 901 1253 dissensionis
925 1199 1068 1265 nnmores,
1094 1213 1164 1252 nune
1189 1213 1285 1273 quoqne

196 1275 307 1336 llnbellu
335 1289 496 1351 erumperes
527 1273 657 1350 quemvis
681 1275 757 1332 enim
781 1290 886 1331 nomeu
906 1271 1047 1350 dedissent
1063 1269 1178 1342 Christo,
1202 1292 1285 1332 mene-

196 1355 265 1413 bnnt
285 1361 386 1411 tomen
398 1352 500 1430 prioris
526 1351 629 1431 ingenii
649 1350 793 1430 reliquiae.
833 1349 946 1411 Scimus
971 1358 1085 1431 quent·
1101 1353 1128 1410 in
1144 1349 1283 1412 Pharisaei-s

195 1435 284 1492 laetus
303 1436 387 1501 esset,
407 1435 513 1508 quantu
533 1428 714 1504 confidentis,
734 1431 819 1526 (puolo
838 1431 1030 1510 supercilium,
1047 1450 1152 1509 quom
1169 1432 1280 1488 omnium

195 1512 315 1570 luissent
333 1509 422 1580 obliti,
441 1510 466 1566 si
485 1516 553 1570 vere
573 1507 721 1570 Christum
739 1509 904 1584 induissent,
923 1509 1147 1590 quemadmodum
1161 1510 1188 1570 in
1200 1507 1279 1568 l'snlo

193 1589 264 1650 nildl
283 1587 481 1648 Pharisaeismi
504 1588 649 1648 residuum
672 1596 747 1649 erute
777 1590 827 1650 sed
855 1588 930 1650 bonu
955 1607 1023 1670 pare
1047 1589 1160 1649 hobitum
1179 1591 1282 1668 periise·

195 1671 254 1728 eine
283 1674 466 1728 contraxerat
494 1687 533 1727 ex
559 1667 646 1748 longe
675 1669 892 1742 consuetudine,
919 1688 1009 1748 quem
1037 1669 1156 1749 protinus
1175 1674 1287 1728 excutere

195 1768 255 1809 non
284 1750 323 1808 itu
353 1745 434 1806 faede
463 1755 533 1807 eret.
574 1745 674 1826 Quum
697 1752 820 1808 monime
840 1751 913 1808 inter
930 1747 996 1807 illos
1015 1756 1141 1828 regnaret
1156 1746 1288 1828 hypocrisis

196 1831 226 1888 in
246 1834 380 1887 externos
400 1827 485 1900 ritus,
506 1828 557 1907 qni
576 1833 643 1888 sunt
661 1829 793 1890 vitiorum
813 1830 1019 1907 integumento,
1042 1829 1110 1908 plns
1127 1829 1195 1886 insto
1209 1826 1290 1885 intenti

198 1913 292 1968 ment:
321 1905 438 1966 iullnbet
457 1908 544 1966 etium
564 1927 613 1966 eos
632 1927 665 1966 su
704 1907 777 1980 rlrin,
807 1917 840 1968 nt
863 1899 1013 1976 trrnnnlee
1032 1907 1105 1966 alios
1123 1925 1210 1967 omnes
1226 1905 1291 1963 subii·

197 2005 263 2048 nere
281 1992 419 2067 superent
437 1987 495 2046 nnis
514 1986 631 2068 placitis.
667 1927 800 2068 linoque
824 1972 925 2046 mo'rbo
946 2005 1033 2066 quiem
1059 1989 1218 2066 impotenter
1232 1984 1291 2042 lein

196 2073 260 2127 rent
279 2065 424 2136 monaehi,
450 2065 516 2144 plns
535 2069 603 2126 entis
621 2073 723 2127 notum
743 2074 796 2127 est
835 2065 918 2126 Unde
936 2068 1024 2126 etium
1043 2067 1113 2126 nihil
1130 2066 1181 2126 illis
1197 2065 1291 2127 lerudfl

198 2147 235 2206 ed
255 2144 468 2226 opprimendam
489 2143 658 2220 Ecclesium,
686 2145 757 2206 nihil
781 2143 817 2206 ed
843 2146 1036 2226 spernendum
1057 2145 1114 2206 Dei
1136 2144 1241 2205 rubum
1254 2145 1291 2201 in

197 2225 316 2306 probino
339 2224 385 2284 rel
410 2227 584 2304 protervius:
615 2226 685 2306 quin
710 2228 794 2287 etism
823 2227 931 2286 multos
955 2225 1087 2286 ridernns
1106 2245 1143 2286 ex
1160 2225 1237 2284 suuis
1254 2221 1293 2281 illis

195 2323 326 2444 ἱξιοιιιιι
344 2303 453 2368 abiecte
472 2305 598 2381 cuculle,
616 2323 764 2387 nunquam
783 2313 878 2366 tamen
897 2305 1059 2382 dedissem,
1079 2325 1152 2386 quor
1169 2305 1222 2364 illie
1235 2303 1292 2362 inii
1332 2315 1333 2396 p

232 2391 300 2446 runt
317 2395 420 2444 mures.

285 2557 318 2625 6.
362 2555 652 2654 Conveneruutqne
682 2557 828 2650 Apostoli
856 2583 893 2626 no
915 2559 1111 2650 Presbyteri,
1143 2569 1178 2624 ut
1201 2555 1293 2646 dispice

196 2669 268 2726 rent
302 2661 342 2728 de
375 2657 439 2726 hoc
471 2662 607 2754 negotio.
665 2661 694 2731 7.
728 2663 836 2751 Quum
863 2677 969 2733 eutem
1001 2689 1121 2758 ungue
1150 2660 1292 2760 disceptio

197 2763 324 2846 inisset,
355 2787 487 2854 surgens
509 2765 622 2835 Petnrs
644 2769 724 2837 dixit
746 2771 786 2836 ud
808 2793 880 2855 eos,
908 2771 973 2838 Viri
994 2772 1126 2854 stenes,
1158 2793 1213 2838 ros
1230 2765 1292 2835 solis

198 2868 286 2958 quod
318 2869 357 2935 nb
391 2871 527 2962 antiquis
561 2873 671 2943 diebus
698 2873 789 2944 Dens
816 2876 849 2942 in
876 2877 968 2944 nobis
995 2875 1105 2968 elegit,
1136 2888 1176 2944 ut
1203 2899 1245 2968 per
1266 2891 1291 2936 οε
1330 2853 1331 2919 l

197 2997 308 3042 meum
330 2974 473 3046 audirent
495 2971 768 3052 Gentes'verbum
789 2979 962 3074 Evangelii,
983 2991 1015 3050 et
1036 2983 1207 3051 crederent
1228 2973 1293 3046 dli

137 3083 162 3119 ·“
197 3079 254 3170 qni
281 3081 425 3150 cordium
452 3087 595 3178 cognitor
622 3099 672 3176 est
698 3089 803 3175 Deus,
835 3089 1053 3170 iesllmffllum
1086 3089 1227 3182 praebuit
1249 3083 1294 3157 lli

198 3187 344 3272 dius-eis
367 3188 521 3281 Spiritum
542 3203 702 3278 sunctum,
724 3197 805 3263 sicut
827 3204 859 3261 rt
879 3195 988 3264 nobis:
1031 3194 1061 3262 9.
1096 3193 1239 3286 Nihilque
1255 3189 1296 3256 de

198 3292 296 3360 erevit
329 3291 411 3362 inter
437 3321 498 3364 nus
526 3309 558 3364 et
584 3299 670 3385 illos,
702 3325 802 3391 quum
834 3301 897 3368 fide
922 3297 1120 3392 purificasset
1147 3301 1234 3370 corde
1255 3295 1297 3362 ille

197 3421 280 3478 rum.
327 3401 380 3469 102
412 3399 507 3469 Nunc
528 3427 620 3496 ergo,
642 3407 718 3498 quid
738 3407 865 3474 tentetis
885 3407 1006 3489 Deum,
1028 3418 1065 3476 ut
1086 3387 1256 3500 imponetur
1270 3401 1298 3467 iu
1328 3375 1329 3443 l

197 3527 274 3594 gum
296 3527 393 3596 snper
415 3509 553 3576 cervices
574 3511 817 3603 discipulorum,¹
849 3513 936 3604 quod
963 3535 1070 3604 neque
1091 3511 1200 3582 Patres
1218 3505 1297 3576 nond

197 3631 302 3698 neque
328 3633 389 3677 uos
417 3623 541 3702 portare
567 3617 750 3706 potuimus?
795 3619 848 3688 11.
881 3619 947 3687 Sed
968 3644 1026 3712 per
1046 3619 1178 3712 gretiam
1197 3611 1297 3685 Doudd

196 3713 298 3782 nostri
319 3713 392 3782 lesu
414 3715 530 3788 Christi
551 3724 719 3810 credimus,
740 3747 801 3794 noe
822 3723 939 3796 habere
960 3725 1105 3812 salutem,
1126 3722 1297 3818 quemrdmt

276 3967 305 4027 6·
346 3969 546 4032 Οοπυοιιωιιιέ
565 3975 705 4052 Apostoli
728 3986 757 4036 et
776 3977 954 4058 Presbytero
981 3947 1057 4038 ¹Nun
1082 3947 1254 4036 divitiores
1271 3975 1297 4026 le
1326 3901 1327 3967 l

195 4046 256 4099 tem
274 4037 433 4142 Ecclesium
452 4059 669 4132 congregatum,
695 4055 747 4115 sed
771 4075 820 4118 eos
844 4057 895 4135 qui
914 4056 1044 4117 doctrine
1064 4063 1095 4118 et
1112 4049 1296 4190 indioiopolb
1325 4119 1326 4142 p

194 4115 277 4190 bflfllr
307 4127 337 4179 el
362 4144 413 4200 qur
438 4147 476 4187 ex
500 4131 610 4192 ratione
634 4133 721 4194 offioii
745 4133 829 4195 hnius
849 4153 951 4196 mneos
971 4135 1089 4218 legitimi
1106 4141 1190 4198 erent
1207 4139 1233 4194 in
1251 4133 1297 4190 ins
1325 4147 1326 4229 p

194 4189 270 4248 Fieri
297 4199 411 4270 quidem
412 4214 537 4338 upum
553 4219 598 4270 'ut
622 4229 719 4299 oorpm
743 4213 825 4293 plebe
849 4213 945 4274 lrnbito
970 4217 1057 4280 luerit
1080 4205 1298 4300 deprimunt

192 4283 230 4322 ne
258 4269 295 4324 od
320 4277 409 4334 trucis
450 4303 495 4342 nm
520 4306 634 4348 norreem
659 4291 763 4372 vulgus
787 4295 950 4372 prominens
968 4295 1056 4358 luisse
1074 4295 1224 4356 sdmiswffl
1243 4305 1298 4366 qun
1324 4345 1325 4348 =

184 4343 270 4418 ,piem
304 4353 431 4428 poteret,
469 4359 562 4424 Lnoen
596 4369 699 4430 dinem
727 4369 884 4452 Apostolos
913 4381 943 4433 et
972 4373 1156 4454 ursorum·
1184 4371 1298 4434 nemost
