2786 4866
550 206 679 284 CAPUT
699 209 746 271 vt.
1153 223 1210 284 103

88 339 119 390 ut
145 327 195 390 sibi
217 325 325 386 nsunt
348 319 482 392 ministri,
511 319 586 383 bane
616 326 786 390 sententiam
816 327 936 392 subinde
963 331 1100 393 memoria
1129 351 1208 414 repe-

87 415 145 470 tant
161 424 217 486 qna
237 407 379 464 testantur
398 399 653 484 Apostoli‚,qnum
673 406 710 472 utl
734 406 856 480 docendi
883 428 989 472 munus
1018 413 1114 473 vocati
1143 415 1209 488 sint,

88 483 305 570 posflaabentlum
324 481 378 542 sibi
397 499 458 540 esse
481 499 641 563 pauperum
669 505 775 548 euram.
826 485 924 566 Quam
953 509 1022 572 ergo
1051 493 1209 554 exeusatio-

87 588 148 631 nem
169 562 316 650 babebpnt
340 559 475 644 protense
501 565 719 644 occupationes,
749 565 798 628 vel
821 569 926 648 privati
951 571 1095 638 commodi
1120 573 1210 653 gratia
1243 581 1246 590 '

87 651 238 786 suseeplaq,
264 643 315 704 nbi
339 639 416 702 uertit
435 639 511 726 quod
529 641 637 724 alioqui
656 647 686 708 iu
706 652 787 728 parte
807 667 867 710 non
887 647 989 712 ultima
1007 649 1097 712 dimi
1115 651 1209 714 cultus

87 747 162 790 oense
177 745 225 786 ur.
335 751 340 761 ·
549 775 574 796 .,

159 809 188 868 3.
235 805 379 886 Dispicite
403 821 474 884 ergo
494 803 618 883 fratres.
657 801 724 866 iam
747 807 939 888 perspicimus
960 827 1100 890 quorsum
1123 813 1210 874 mesti

87 888 187 948 luerint
204 881 335 977 Diasopi.
373 877 483 940 Nomen
503 882 619 978 quiqam
637 884 732 964 ipsum
751 887 882 964 generale
901 893 959 962 est,
979 891 1095 970 proprie
1113 896 1209 954 mmm

88 970 674 1122 ttffitttit⁰tttat⁰ttttt
694 963 841 1124 ilidii
862 969 1210 1110 tittnlttttt

92 1128 200 1206 signant
218 1129 308 1203 partes
328 1120 381 1180 nisi
402 1127 434 1182 ut
451 1127 581 1202 patenam
600 1129 629 1182 et
648 1123 764 1184 calicem
784 1131 915 1186 baobnt
957 1125 1043 1188 Certe
1062 1129 1149 1208 longa
1168 1129 1208 1190 ‹ti-

91 1204 250 1286 spntatione
265 1221 337 1281 opus
356 1221 415 1262 non
434 1207 488 1275 est,
507 1209 540 1262 ut
558 1201 695 1282 probetur
713 1204 784 1266 nihil
804 1223 957 1266 commune
975 1207 1054 1288 ipsos
1073 1209 1122 1268 vel
1142 1227 1209 1268 eon·

89 1291 247 1346 sentaneum
268 1279 371 1342 babere
392 1301 457 1342 eom
473 1283 631 1362 Apostolis.
669 1279 779 1349 Verum
799 1283 854 1346 bae
881 1285 916 1344 de
941 1305 973 1346 ae
999 1288 1023 1346 si
1069 1287 1132 1348 lura
1157 1307 1208 1348 vo·

87 1366 144 1426 lent
161 1364 295 1434 lectores,
320 1381 356 1420 ex
376 1369 470 1420 nostra
487 1361 668 1424 Institutione
687 1361 769 1446 (cop
789 1363 837 1442 8.)
856 1373 954 1445 petere
972 1363 1078 1427 lioebrt.
1119 1363 1209 1446 Quod

86 1445 120 1506 ad
138 1447 315 1524 praesentem
333 1441 430 1518 losum
449 1447 567 1524 spectat,
591 1443 715 1526 primum
739 1441 840 1506 electio
860 1443 1035 1526 permittitur
1053 1442 1207 1506 Eoolesiae.

84 1523 135 1585 list
153 1522 229 1582 enim
249 1521 446 1600 tyranninom,
465 1523 491 1580 si
510 1540 584 1582 unus
604 1523 746 1604 quispiam
763 1523 910 1586 ministros
929 1543 983 1585 suo
1002 1521 1120 1586 arbitrio
1139 1543 1208 1586 oon·

83 1605 189 1662 stituat.
228 1597 306 1680 Ergo
332 1599 403 1660 baso
424 1601 544 1680 leg'tima
567 1608 611 1662 est
638 1604 727 1684 ratio,
755 1603 954 1665 eommunibua
973 1603 1113 1686 suffragiis
1132 1605 1209 1686 eligi,

84 1685 134 1762 qni
152 1680 296 1763 publicum
314 1679 431 1760 aliquod
450 1681 476 1742 ia
494 1679 620 1743 Euelesia
639 1702 743 1742 munus
763 1683 869 1746 obituri
887 1691 965 1745 sunt.
1005 1681 1209 1748 Praeseaibunt

83 1768 178 1836 antem
195 1761 328 1842 Apostoli
348 1760 446 1840 quales
465 1759 515 1822 leli
536 1761 543 1778 '
564 1767 709 1842 oporteat:
732 1761 812 1826 viros
837 1763 946 1824 scilieet
969 1762 1106 1844 probatae
1129 1763 1208 1840 litlei,

84 1841 231 1923 pmdentia
249 1847 279 1902 et
298 1841 361 1904 aliis
380 1783 599 1921 spirititibus
639 1841 772 1904 raeditos.
811 1837 911 1922 Atque
929 1839 987 1903 bon
1010 1843 1085 1904 inter
1108 1850 1206 1923 tyran·

83 1922 178 1982 uidem
195 1927 226 1981 et
243 1919 393 1982 confusam
411 1921 549 1985 basinam
572 1941 602 1983 m
639 1922 699 1982 'um
722 1927 781 1998 est,
810 1929 845 1982 ut
869 1920 942 1982 nibil
965 1921 1083 2004 quidem
1106 1928 1210 2002 agatur

80 2003 137 2064 nisi
154 2022 192 2062 ex
211 2020 351 2062 consensu
370 2005 400 2060 et
417 1999 618 2097 approbatione
638 1999 741 2083 plebis:
779 1999 916 2062 Pastorss
939 2005 1038 2062 umen
1056 2001 1206 2063 moderen-

80 2091 143 2156 tur,
162 2088 195 2141 ut
214 2099 314 2142 eorum
333 2086 483 2144 amenta
501 2081 591 2142 instar
609 2081 682 2146 freni
700 2082 739 2142 sit
757 2081 795 2144 sd
814 2077 987 2142 cohibendos
1006 2079 1098 2162 plebis
1117 2079 1207 2161 impe·

79 2169 141 2236 tus,
160 2161 291 2240 neultra
310 2159 429 2220 modum
448 2162 596 2222 exsultent.
635 2159 746 2222 interea
764 2159 823 2220 boo
840 2166 943 2222 notm
962 2160 1206 2242 operaepretium

80 2243 136 2316 e'st,
156 2241 248 2322 legem
268 2241 376 2320 imponi
395 2236 535 2316 fidelibus,
554 2261 592 2302 ne
611 2261 698 2322 quern
716 2240 771 2300 nisi
789 2239 925 2302 idoneum
965 2237 1120 2302 meliciani.
1138 2232 1207 2317 Des

79 2324 157 2386 enim
177 2341 235 2380 nou
254 2319 347 2380 levem
365 2321 491 2382 iniuriam
515 2321 650 2397 iacimus,
679 2321 703 2380 si
727 2319 845 2382 fortuito
870 2260 1014 2402 quosiibet
1038 2319 1206 2416 aeqipimus,

80 2403 132 2483 qui
152 2402 271 2460 domum
289 2401 349 2460 eius
370 2395 531 2481 gubernent.
570 2400 647 2482 Ergo
666 2397 825 2462 adhibenda
844 2406 890 2461 est
908 2417 1021 2462 summu
1040 2399 1150 2494 rebgip,
1168 2416 1208 2463 tto
1234 2403 1242 2419 “
1372 2371 1373 2380 i

82 2483 147 2561 quis
166 2479 204 2540 ad
223 2498 332 2540 sueram
348 2477 487 2542 Euolesise
505 2481 681 2542 lunationem
704 2486 844 2555 sumatur,
869 2479 926 2540 nisi
951 2479 1002 2560 qni
1025 2497 1206 2562 experimen·

82 2569 146 2622 tum
164 2561 210 2620 sui
229 2558 342 2634 dederit.
371 2558 510 2622 Numeros
529 2563 703 2646 septenarius
722 2559 890 2624 mahumeti
909 2564 1089 2640 praesentem
1108 2577 1205 2620 neees-

79 2643 193 2702 sitatem
213 2639 440 2701 aooommohtus
459 2641 525 2702 luit:
542 2661 581 2702 ne
599 2643 664 2722 quls
688 2642 861 2721 mysterium
880 2637 998 2722 aliquod
1017 2637 1134 2714 snbsme
1152 2657 1205 2720 pu·

77 2728 129 2782 tet
170 2717 258 2798 Quod
277 2719 346 2780 dicit
363 2717 469 2790 Lucas,
482 2725 583 2804 plenos
601 2729 709 2802 spirito
727 2729 756 2784 et
775 2727 939 2804 snpientia,
957 2720 999 2780 sin
1018 2719 1206 2800 interpretor,

74 2803 185 2881 requiri
205 2807 238 2860 ut
262 2801 392 2861 instructi
414 2805 471 2862 sint
492 2823 557 2864 cum
582 2803 643 2862 aliis
667 2799 792 2882 Spiritus
815 2801 928 2884 gratiis,
956 2805 1020 2862 tntn
1044 2817 1116 2862 vero
1139 2817 1207 2882 pru·

74 2884 180 2978 atentia,
200 2882 262 2942 sine
275 2899 340 2976 'qna
359 2881 455 2978 probe·
467 2883 590 2944 easneeri
608 2901 712 2942 munus
731 2879 803 2942 illud
821 2887 997 3020 πριιαὲοῑοεί,
1017 2884 1080 2940 tum
1100 2885 1134 2942 ut
1152 2877 1208 2974 sibi

69 2959 1205 3122 tattttt,inititttttffitsstst'batttttttttt

70 3123 109 3184 ab
130 3143 233 3181 eorum
253 3119 408 3192 calumniis,
427 3123 477 3201 qui
495 3123 604 3182 etiamsi
623 3119 699 3180 nulla
719 3121 756 3179 sit
774 3117 895 3190 occasio,
916 3117 1073 3177 obtrectare
1087 3115 1207 3208 nonde·

70 3205 183 3260 sinunt
223 3199 275 3260 Est
292 3201 367 3260 enim
386 3202 530 3282 provincia
549 3201 598 3260 illa
621 3220 681 3259 non
705 3198 848 3258 laboriosa
871 3195 974 3274 modo,
1004 3193 1055 3256 sed
1078 3193 1204 3256 obnexus

69 3280 200 3341 sinistris
219 3281 417 3342 mnrmnribna.
699 3335 703 3344 ,
1103 3345 1108 3356 ,

156 3359 591 3457 431Nosootemprepotioot
630 3355 930 3451 Rursumustendnnt
948 3353 1003 3430 sibi
1020 3354 1205 3446 satissuper·
1291 3367 1293 3374 ’

63 3460 139 3660 :alpib
152 3441 593 3602 aiiiitlrfiiesbltbgsobbbvssbirbb,
600 3431 1206 3652 siqubiiaolirbtainexsaetiscriimribnrpbiiiimfflexfntiiis

63 3601 136 3739 iii
187 3619 244 3740 iit
258 3599 711 3761 litstttutttstgtstt
730 3594 971 3738 ”ttltr‘tl
987 3599 1206 3766 titt

61 3759 196 3822 inustos,
212 3768 315 3842 putent
337 3759 484 3834 Pastorss,
514 3762 539 3820 si
564 3761 741 3840 aliquantum
764 3755 901 3838 temporis
925 3697 1055 3848 ‹ionoqdo
1078 3749 1205 3845 quotidie

60 3843 310 3922 consumpserint.
349 3842 438 3902 Aliud
456 3841 597 3912 studium,
616 3839 688 3898 alius
707 3837 818 3912 lervor,
838 3837 893 3896 alia
912 3833 1061 3896 assiduitas
1081 3835 1205 3910 exigatur
1268 3848 1274 3858 ·

60 3926 98 3980 ut
121 3939 195 3982 vere
213 3922 329 4004 gloriari
350 3924 472 4003 possint,
501 3922 532 3980 in
557 3939 621 3980 eum
643 3938 705 3982 rem
729 3937 761 3978 se
784 3919 908 3978 intentos
928 3933 997 3976 esse.
1038 3911 1206 3991 Atliuugnot

53 4009 286 4080 precationem,
314 4021 374 4064 non
398 4001 478 4082 qnod
502 4001 556 4060 soli
580 3997 689 4081 precari
713 3997 848 4071 debeant,
877 4001 920 4055 est
948 3995 1023 4055 enim
1053 4009 1205 4053 commune

57 4081 146 4140 istud
163 4083 289 4161 ⁴piorum
314 4083 443 4144 omnium
466 4083 649 4156 exercitium,
678 4079 729 4138 setl
749 4079 817 4158 qnia
836 4075 992 4156 peculiares
1011 4069 1117 4132 babent
1137 4089 1206 4151 pras

56 4162 128 4219 aliis
150 4161 256 4224 orandi
276 4181 385 4224 sauses.
425 4160 518 4224 Nemo
539 4157 652 4242 quidem
676 4158 789 4239 estqui
808 4176 868 4218 nun
888 4155 923 4215 de
942 4153 1087 4249 oqmmnui
1106 4149 1205 4244 lisele:

56 4239 124 4302 siae
147 4241 244 4302 salute
265 4241 369 4302 debeat
387 4261 450 4302 esse
469 4243 622 4316 sollicitus,
652 4245 761 4320 quanto
782 4239 878 4318 itaque
902 4253 991 4316 aragus
1019 4238 1206 4318 pastorhout

71 4327 166 4381 ›artes
187 4324 259 4384 istae
278 4323 449 4384 nominatim
467 4323 613 4382 iniunctae
631 4325 712 4394 snnt,
742 4317 828 4377 anxie
852 4336 906 4397 pro
930 4315 992 4396 ipsa
1011 4311 1140 4408 labqrare
1159 4307 1206 4368 be·

54 4341 138 4462 bet?
172 4399 225 4463 Sin
243 4401 339 4498 Moses
359 4399 431 4464 alios
450 4401 566 4484 quidem
585 4397 622 4462 sd
641 4417 740 4480 preses
760 4397 891 4460 hortatus
909 4402 966 4470 est,
996 4394 1047 4456 sed
1065 4411 1127 4474 rpse
1145 4395 1204 4449 tan·
