2754 4864
534 214 537 223 ’
557 199 688 266 catut·
704 201 746 265 X.
788 205 791 213 ⁴
1039 269 1043 284 q
1102 199 1107 210 ’
1152 207 1212 274 215

162 315 212 384 47,
250 313 426 404 Respondit
433 300 557 380 'Patren
600 317 796 382 Ratiocinatur
818 317 922 382 Petrus
945 339 963 382 a
986 316 1019 382 re
1037 317 1076 398 ad
1092 319 1211 417 affluat

79 395 159 459 Nam
179 415 268 476 vum
286 395 451 475 Baptismus
469 397 628 478 spiritualis
642 400 680 460 ait
698 401 804 480 gratiae
822 399 981 482 appendix,
1004 397 1055 480 qni
1074 398 1212 484 Spuitum

79 479 203 558 aucupii,
222 476 307 536 simul
327 474 364 534 ad
376 473 555 558 Baptismum
574 480 768 560 recipiendum
785 487 831 541 est
848 481 981 540 idoneus:
1001 487 1087 560 atqua
1107 477 1154 540 laio
1172 479 1211 540 lo·

77 555 197 636 gitimua
214 561 259 615 est
279 554 359 628 ordo,
379 561 421 628 ut
441 575 514 636 quos
529 555 609 617 Deos
619 557 742 640 Spiritus
761 561 805 620 ani
824 567 929 620 tessera
948 579 983 620 ao
1000 559 1119 640 pignore
1136 559 1211 620 filios

77 655 151 732 suos
174 653 237 694 osse
260 633 380 694 testatus
406 641 464 707 est,
489 637 615 731 rqinister
634 639 671 698 ad
690 647 839 700 externum
858 641 972 736 signuin
991 638 1211 734 adurittatdta

75 721 306 866 atttriti?
325 713 551 856 illidii}
568 717 1210 879 t·litslttltitttltttttt

75 879 131 934 ret.
161 872 266 954 Fateor
284 871 426 932 donandos
446 893 517 950 esse,
537 877 586 956 qui
606 876 640 935 ab
660 875 785 936 Ecclesia
804 885 871 938 sunt
889 879 1025 952 extranei,
1043 879 1210 958 priusquam

77 953 138 1013 illis
157 951 319 1012 conferatur
336 951 497 1032 adoptionis
516 955 693 1034 symbolnmr
713 958 762 1016 sod
782 957 906 1018 fidolium
926 957 1039 1030 liberos,
1058 953 1208 1038 quiinEa·

77 1032 168 1094 olesia
186 1037 355 1107 emuntur,
372 1032 445 1092 dieo
464 1032 500 1092 alr
518 1041 601 1096 utero
620 1053 684 1096 ease
702 1037 872 1098 domesticos
891 1038 970 1133 requi
989 1035 1054 1098 Dei.
1082 1034 1145 1096 lmo
1163 1055 1207 1096 ar·

122 1099 250 1173 montani
255 1153 265 1187 ‚
307 1131 347 1171 uo
370 1111 425 1192 ipsi
447 1120 628 1194 praepostere
647 1135 700 1176 noa
720 1122 900 1198 oppugnant,
927 1137 958 1176 rn
977 1135 1027 1176 eos
1046 1121 1207 1196 retorqueo.

108 1211 156 1250 am
180 1211 269 1272 quum
288 1131 419 1252 ldelium
438 1191 542 1253 liberos
561 1201 713 1274 antequam
732 1202 898 1270 nascantur,
923 1193 1004 1255 Deus
1022 1194 1208 1274 adoptaverit,

77 1271 146 1332 iudo
165 1271 320 1344 constituo,
342 1271 458 1331 minima
478 1279 596 1332 externo
616 1275 697 1352 signo
716 1273 887 1336 fraudandos
906 1293 977 1334 esse.
1017 1275 1134 1354 Alioqui
1151 1273 1208 1332 illis

76 1352 191 1490 tit:
200 1347 347 1490 dliii?
365 1350 511 1491 titt*
531 1353 608 1493 ‘illd
627 1351 1209 1498 lltt⁰⁰lt⁸⁸ltllttt²tttt

75 1451 255 1590 Baptismadlr
274 1451 378 1569 inillis
405 1451 607 1592 subseqprluurff
647 1453 897 1590 Quemnaddrollum
916 1473 1016 1572 autena’
1030 1451 1207 1572 illorumper·

75 1591 136 1649 rori
154 1589 271 1649 minime
289 1589 459 1670 suffragatur
477 1591 532 1650 hoo
550 1591 757 1654 testimonium.
776 1595 815 1651 ita
835 1591 1014 1672 Papistarum
1033 1590 1207 1672 superstitio·

76 1687 145 1729 nem
163 1667 257 1730 valide
274 1669 386 1743 refellit,
406 1671 457 1750 qui
470 1669 595 1750 Spiritus
613 1671 732 1750 gratiam
741 1671 836 1751 Signis
855 1672 972 1749 alligant
990 1689 1111 1750 eamque
1123 1688 1207 1730 exon

77 1749 173 1808 aientis
191 1769 250 1808 non
270 1767 353 1810 aecus
371 1749 436 1810 oliui
454 1756 556 1830 putant
575 1771 592 1809 e
612 1749 809 1830 eoelo‚'quam
829 1751 897 1810 olim
907 1751 999 1829 Segne
1018 1747 1128 1810 Lunam
1148 1750 1207 1808 suis

76 1827 248 1888 carminibus
268 1825 416 1889 detrahere
434 1849 465 1888 se
484 1829 631 1910 putabant
655 1830 745 1910 Atqui
765 1849 855 1910 quam
874 1835 968 1890 narret
986 1825 1079 1890 incas
1097 1826 1207 1908 Spiritu

77 1913 177 1968 saneto
195 1909 252 1968 iam
271 1906 359 1969 luisse
378 1907 513 1984 donatos,
533 1911 583 1990 qui
601 1910 729 1970 nondum
748 1909 895 1990 Baptismo
912 1908 1015 1968 initiati
1034 1913 1124 1981 erant,
1142 1905 1207 1986 Spi-

75 1989 165 2048 ritum
187 1985 336 2068 Baptismo
366 1987 484 2048 minine
512 1988 652 2050 indusnrn
675 2008 736 2049 esse
755 1989 887 2050 ostendit.
926 1986 1143 2048 Observandum
1163 1991 1208 2044 est

75 2073 233 2148 postremo,
250 2067 312 2128 sola
331 2086 407 2148 aqua
425 2068 513 2128 luisse
532 2075 681 2129 contentos
700 2068 856 2164 Apostolos
874 2067 911 2128 ad
930 2066 1132 2128 ooniooendnm
1151 2062 1206 2124 Ba·
1242 2057 1247 2078 ⁸

77 2148 222 2228 ptiamam.
265 2146 365 2226 Atque
387 2148 497 2207 utinam
521 2147 592 2212 haeo
615 2145 780 2230 simplicitas
804 2167 822 2208 a
846 2147 968 2229 posteris
990 2151 1100 2204 retenta
1118 2149 1203 2218 esset,

75 2245 170 2307 aava
193 2227 297 2286 asoitae
321 2227 442 2288 fuissem
460 2226 526 2287 lrioo
545 2227 611 2288 inde
629 2233 674 2287 tot
692 2247 798 2308 nugae,
824 2225 928 2308 quibus
950 2225 1071 2288 relertus
1089 2229 1134 2283 est
1150 2222 1205 2282 Ba·
1312 2265 1315 2273 -

75 2307 196 2388 ptisanas
213 2307 245 2368 in
263 2303 384 2388 Papatu.
423 2305 508 2382 Olea,
528 2307 596 2380 sale,
615 2313 717 2402 epulo,
736 2327 818 2367 cereo
838 2307 933 2367 ornari
950 2309 1052 2387 putant
1069 2301 1207 2384 Baptismi
1252 2345 1253 2350 κ

76 2386 257 2482 dignitatem,
285 2387 497 2484 qpupanpoutius¹
513 2385 596 2446 foeda
620 2393 678 2446 arnt
700 2386 928 2466 inquinamenta,
955 2403 1031 2466 qnae
1049 2401 1151 2466 puram
1170 2400 1206 2444 ao

77 2483 231 2607 ‘wullaf1¹
243 2464 908 2644 pffiqpqqpqqqqpaeprrumpurm
936 2540 1206 2604 terramtenus

73 2623 255 2706 &ptumum
272 2623 349 2686 Petn
370 2643 472 2700 mauu,
500 2624 741 2708 quamadmodum
760 2633 789 2686 et
808 2625 916 2686 Paulus
935 2631 1056 2684 testatur
1075 2617 1207 2702 Corinthi

75 2725 110 2766 se
137 2723 245 2785 pansos
272 2700 445 2786 baptizasse:
474 2711 607 2788 poterant
635 2706 711 2766 anim
730 2707 777 2766 alii
796 2705 918 2767 ndnistri
936 2703 989 2764 has
1006 2707 1102 2785 partes
1121 2701 1206 2762 susei-

96 2803 155 2845 ere.
205 2781 294 2863 Quod
323 2784 404 2859 dicit,
433 2793 466 2846 in
484 2795 601 2847 nomine
619 2787 758 2859 Domini,
786 2785 823 2848 ad
853 2784 975 2845 lormom
997 2779 1129 2862 restringi
1147 2798 1207 2839 non

73 2807 175 2938 debat,
211 2864 294 2924 sioali
322 2864 408 2924 tertio
436 2865 541 2944 capita'
557 2865 696 2940 diximus,
730 2865 780 2926 sed
809 2865 877 2946 quia
905 2863 1038 2946 proprius
1067 2860 1107 2922 Ba
1129 2859 1206 2920 tismi

74 2963 182 3024 asopus
201 2941 409 3016 orchestra,
433 2943 498 3004 ideo
518 2944 637 3006 dicimur
661 2945 690 3004 in
713 2945 775 3004 aius
794 2963 900 3004 nomen
919 2941 1064 3024 baptizari.
1105 2881 1207 3018 &uum

74 3031 223 3106 postremo
242 3023 311 3084 dieit
329 3021 431 3094 Luoas,
449 3022 569 3084 Petrum
588 3042 605 3083 a
626 3023 759 3083 Cornelio
778 3025 838 3084 eius
880 3041 897 3082 e
915 3023 1042 3102 cognatis
1065 3029 1209 3102 rogatam

73 3126 144 3174 aare,
178 3109 212 3162 ut
239 3109 367 3163 maneret
394 3101 432 3163 ad
461 3101 521 3162 dies
550 3103 673 3182 aliquot,
701 3101 836 3182 prolicien
858 3101 867 3160 i
886 3109 988 3161 voturn
1006 3101 1037 3160 ia
1056 3099 1111 3158 illis
1129 3117 1208 3158 oom-

72 3181 199 3244 mendae
238 3179 328 3242 Erant
355 3181 471 3263 quidam
490 3179 600 3263 Spiritu
613 3188 726 3240 -sanoto
755 3180 890 3262 praediti,
918 3179 969 3240 sed
997 3179 1120 3238 nonita
1143 3195 1206 3255 per·

73 3269 214 3322 ruerant
245 3261 284 3324 ad
316 3281 475 3333 summum,
508 3263 579 3343 quin
606 3259 701 3320 adhue
731 3261 808 3320 utilis
837 3265 913 3320 esset
940 3259 1006 3318 illie
1014 3255 1206 3316 oonfirmatio.

72 3341 184 3402 Eorum
208 3359 325 3421 quoque
348 3341 497 3421 exemplo,
526 3340 639 3420 quoties
661 3338 743 3399 nobis
767 3337 913 3418 proiectus
932 3337 1044 3398 oooasio
1063 3355 1096 3396 se
1114 3335 1207 3404 offert,

72 3440 108 3481 ea
128 3420 228 3480 sedulo
247 3419 386 3483 utendam
404 3427 461 3482 ast:
490 3437 585 3502 neque
603 3419 680 3485 lustu
703 3424 884 3503 urgeamus,
911 3417 963 3500 qui
979 3418 1139 3498 ingressam
1157 3411 1207 3474 ob·

72 3507 169 3562 struat
187 3499 340 3564 doetrinae.

424 3817 736 3906 CAPUT
782 3815 863 3904 Xl.

165 4057 214 4124 1.Ἰ
242 4050 553 4128 durlieraotautern
574 4037 722 4151 Apostoli
742 4063 777 4126 et
797 4053 924 4138 irenes,
952 4051 1008 4144 qui
1034 4051 1069 4119 in
1095 4047 1208 4118 iudaea

71 4170 183 4244 erant,
209 4160 299 4252 quod
320 4171 431 4255 gentes
455 4183 586 4255 quoque
612 4161 777 4256 unplexae
796 4171 905 4234 essert
930 4180 1112 4228 sennonem
1133 4153 1213 4224 Deir

72 4269 110 4336 2.
133 4264 180 4336 Et
206 4266 266 4335 ubi
289 4267 431 4339 aseendit
451 4267 566 4338 Petrus
592 4266 868 4361 Hierosolymam,
901 4265 1115 4358 disceptabant
1141 4285 1216 4334 oum

72 4397 133 4458 eo,
155 4372 213 4469 qui
239 4383 331 4444 nant
358 4397 401 4447 ex
422 4371 672 4461 diomedeae,
715 4381 748 4449 3.
770 4373 938 4447 Dioeutese
972 4373 1026 4444 'l'u
1058 4369 1100 4442 ad
1131 4369 1218 4439 viros
