2838 4848
571 245 697 312 CAPUT
716 247 782 308 vlt-
1172 251 1229 316 ¹53
1272 259 1276 269 “

9 425 11 452 ·
108 375 229 455 ubsrum
252 363 427 447 mpuritias
456 363 674 442 magritudinem
699 383 756 444 qua
780 361 923 424 exosflnnt
946 363 976 424 tn
994 364 1100 424 mundo
1118 364 1159 424 sis
1177 368 1228 424 mt-

9 463 10 510 t
113 459 214 512 rorum
231 453 257 507 et
273 445 411 516 adorant,
442 447 478 502 ut
499 443 594 502 isset
610 441 654 502 ios
673 442 793 538 superbe
811 439 920 506 calente
939 462 996 502 non
1016 441 1148 504 dubitent.
1197 443 1230 504 Si

9 525 11 582 f
115 531 186 610 quid
201 533 293 587 antem
311 544 372 586 non
390 519 526 582 snooedst
543 541 580 582 ex
598 529 680 596 voto,
698 522 818 582 libenter
836 521 947 580 eoelum
966 527 1056 580 terrae
1074 525 1228 585 minuerent.

9 599 10 642 5
113 611 192 670 Dum
209 607 285 666 enim
304 608 448 684 quaerunt
465 602 543 680 impii
564 599 743 676 Sacerdotes,
767 621 818 662 eur
840 620 899 659 non
922 599 1060 660 adductus
1079 601 1129 659 sibi
1147 603 1231 664 inerit

114 689 258 761 Christus,
287 699 417 762 sonsque
439 680 596 767 potentiam
623 699 705 740 suam
728 680 868 742 extollunt
892 685 924 740 nt
947 678 1018 740 nibil
1042 680 1158 760 imperio
1181 681 1230 742 ob

111 775 186 828 siam
205 765 350 826 omasus

192 845 244 908 46.
285 844 442 926 quusss
459 847 504 901 sio
522 841 658 923 loquendus
676 848 727 900 est.
769 837 904 900 Fatentur
926 837 971 898 isti
996 837 1059 898 solo
1079 857 1110 900 ss
1130 837 1233 900 Christi

111 924 206 986 verbo
225 923 335 982 {raetos
352 929 379 982 et
396 920 525 994 domitos,
544 939 596 980 nen
613 926 708 978 umen
728 925 874 998 propterea
894 919 1074 1000 resipiscunt,
1092 937 1147 980 neo
1166 919 1233 998 legi·-

115 1008 226 1064 timum
243 1001 368 1066 tribuunt
384 999 471 1060 verbo
488 997 634 1058 bonorem
672 995 704 1056 Si
723 1017 823 1058 verum
841 1004 893 1072 nst,
910 1016 1056 1077 nunqnam
1075 998 1115 1056 sic
1132 998 1234 1077 loquu-

118 1091 187 1146 tum
210 1101 273 1142 esse
294 1080 448 1152 bemineru,
476 1099 527 1138 our
549 1097 608 1138 nnn
632 1077 726 1136 divin
750 1078 794 1136 vis
841 1097 907 1136 uam
929 1077 1032 1136 sentire
1056 1078 1145 1137 eoacti
1169 1083 1236 1136 sunt

121 1182 225 1222 eornm
243 1159 325 1220 eorda
340 1159 383 1219 sio
401 1159 502 1232 affecit,
520 1164 554 1218 ut
571 1177 602 1216 se
621 1163 697 1216 totos
716 1154 780 1216 Deo
799 1097 976 1218 addicerent?
995 1153 1053 1215 Sed
1072 1157 1111 1216 ita
1130 1157 1236 1216 stilicet

121 1240 233 1321 implori
252 1239 377 1333 oportuit
394 1237 465 1298 iliud
483 1235 587 1298 [esaiae
606 1235 729 1314 (tm),
747 1233 910 1296 Prosternet
927 1235 1046 1316 impium
1055 1233 1162 1315 Spiritu
1177 1235 1235 1294 oris

117 1321 171 1380 sni.
210 1316 287 1396 an
306 1317 393 1378 edam
411 1325 509 1397 postea
527 1313 683 1376 videbimus
702 1321 734 1374 ut
752 1315 813 1374 sola
833 1313 938 1376 Christi
959 1334 1028 1376 voee
1047 1313 1165 1388 ooninsi,
1185 1315 1235 1410 (pri

9 1399 12 1410 '
114 1419 183 1461 eum
201 1398 238 1460 ad
255 1405 380 1460 mortem
399 1396 579 1476 qusersbsnt,
597 1415 655 1456 non
674 1413 754 1454 seeus
773 1413 807 1455 se
825 1395 931 1456 malleis
946 1395 1072 1476 percussi
1085 1395 1236 1454 oeciderunt

115 1486 282 1540 rebursum.
321 1475 475 1536 Disosmus
493 1493 562 1556 ergo
580 1481 688 1536 tantam
705 1471 810 1534 Christi
828 1473 970 1536 donuinae
987 1475 1046 1534 vim
1063 1472 1183 1534 subesse
1202 1479 1236 1534 ut

114 1558 219 1638 impios
237 1575 355 1640 qnoque
374 1562 493 1632 terreat,
516 1555 567 1616 sed
586 1575 674 1635 quum
692 1551 749 1616 boo
765 1553 820 1614 iltis
838 1553 918 1616 oedst
936 1555 966 1614 in
983 1553 1115 1628 exitium,
1143 1551 1236 1614 danda

114 1656 207 1776 3333
224 1635 516 1779 ,33333333
533 1635 740 1775 iiiut
748 1633 953 1774 333333,
970 1631 1236 1774 ,33333333

116 1795 249 1856 doctrina
267 1795 297 1854 in
315 1795 360 1854 sui
376 1795 591 1857 admirationem
609 1795 713 1856 invitos
731 1793 813 1874 rapit,
821 1733 1017 1854 pagum
1034 1813 1093 1852 non
1112 1711 1236 1852 „effi

116 1881 166 1934 sto
185 1873 343 1948 subiiciunt,
362 1877 444 1944 utin
462 1874 587 1936 bostium
605 1875 702 1936 eastris
719 1874 902 1936 nibilominus
919 1879 1061 1934 maneam.
1099 1871 1236 1932 univero

120 1954 290 2028 deteriores,
317 1954 366 2034 qui
384 1955 414 2016 in
431 1957 550 2036 gratiam
567 1956 719 2042 impiorum
737 1953 906 2027 doctrinam,
934 1971 1020 2032 quam
1043 1971 1061 2011 a
1083 1949 1149 2012 Deo
1174 1968 1236 2011 osso
1357 1979 1360 1989 ·

122 2035 204 2095 intus
222 2033 344 2092 convicti
359 2041 433 2109 sumt,
452 2033 555 2115 quibus
572 2041 693 2116 possunt
710 2033 819 2114 probris
837 2032 919 2093 foede
937 2031 1082 2092 infamant.

206 2112 254 2174 47.
290 2114 441 2209 Nemprid
456 2125 484 2176 et
502 2137 554 2209 ¹’⁰.'
570 2117 776 2209 seducti-estis.
820 2109 1034 2206 Sioministros
1057 2129 1124 2170 suos
1148 2109 1236 2170 tuero

118 2187 1240 2354 tfflnitmffldbfflttdtttffltdttit'tibitibi

118 2357 205 2412 stne.
243 2349 408 2412 Videndum
425 2360 520 2414 antem
538 2373 597 2434 quo
620 2357 786 2433 argumento
809 2350 875 2410 initi
897 2355 956 2410 tum
981 2343 1100 2430 superbe
1125 2343 1240 2405 Christo

119 2429 265 2491 insultent
303 2429 433 2492 Plebeios
451 2439 576 2507 tantum,
595 2433 741 2513 inquiunt,
764 2437 793 2492 et
812 2430 956 2510 imperitos
974 2424 1103 2488 homines
1122 2443 1140 2484 a
1158 2429 1239 2504 parte

123 2527 178 2569 Μ
194 2508 289 2582 htbssb
307 2509 442 2590 primores
461 2517 490 2574 et
508 2513 627 2572 eximius
646 2513 766 2593 quisque
784 2509 811 2572 ei
829 2514 898 2568 sunt
915 2506 1032 2580 adversi.
1061 2507 1241 2566 Pharisaeos

123 2589 290 2651 nomirratim
362 2591 482 2667 simunt,
501 2591 568 2673 quis
586 2610 655 2672 pras
674 2591 734 2656 aliis
754 2596 812 2652 um
830 2589 963 2650 montiae
982 2603 1069 2667 quom
1087 2581 1239 2646 sanctitatis

122 2669 229 2730 iamsm
257 2667 335 2730 obtin
407 2677 434 2745 t,
462 2677 498 2732 nt
519 2678 614 2732 essent
707 2672 718 2730 i
741 2671 901 2751 principum
924 2667 1072 2762 principes.
1119 2663 1241 2723 Videtur

120 2748 236 2829 quidem
253 2747 328 2810 base
343 2749 464 2812 obiectio
483 2749 626 2831 sliquidh
662 2770 710 2812 ere
734 2749 849 2810 eoloris:
879 2748 932 2808 nisi
951 2748 1025 2806 enim
1044 2743 1191 2826 praesentis
1210 2747 1241 2802 et

119 2828 254 2890 eoetoeim
271 2829 430 2892 rectoribus
449 2849 501 2890 sus
520 2837 630 2891 eonstet
647 2831 813 2902 sudoribus,
830 2826 901 2900 nibil
919 2844 1045 2921 unpusm
1064 2826 1117 2886 rito
1136 2822 1241 2904 poterit

120 2909 269 2984 constitui,
297 2928 353 2968 nse
376 2915 468 2970 status
486 2911 575 2970 'eiiam
598 2909 670 2972 bene
689 2910 861 2990 compositus
900 2912 984 2966 oterrt
1003 2905 1150 2978 diuturnos
1169 2921 1239 2962 esse.

119 2987 233 3048 somus
252 2993 361 3067 quanta
383 2989 422 3054 sit
515 2989 736 3070 ‘intempuiesr
767 3007 854 3068 quare
873 2927 1005 3047 deformis
1024 2983 1152 3045 confusio
1171 3001 1242 3042 mox

120 3073 256 3147 sequatur
274 3075 463 3207 nmmo
484 3070 529 3208 ndi
548 3069 650 3149 erriqne
670 3067 815 3164 quodlibet
826 3067 908 3207 flrigt.
952 3065 1004 3125 Est
1021 3064 1107 3144 igitur
1126 3061 1162 3156 sd
1180 3080 1242 3199 ppp-

122 3145 282 3207 {handum
553 3176 584 3201 ιιιι
1000 3163 1064 3202 mm
1231 3175 1241 3187 '

125 3230 197 3320 sunt
214 3226 371 3285 ausones
406 3167 504 3310 ritqbe
520 3167 845 3308 danDeieffididnt.
866 3161 1192 3303 1pp1830oeumqmfflpt
1210 3223 1244 3277 ut

9 3379 10 3386 ἵ
126 3322 154 3365 sr
174 3321 233 3382 qua
252 3303 371 3364 excitato
386 3313 458 3367 esset
533 3309 603 3369 ostio
621 3309 669 3368 vel
692 3306 896 3380 controversia,
925 3305 985 3364 eius
1008 3301 1131 3382 cognitio
1155 3317 1243 3380 penes

122 3401 274 3444 summum
292 3381 467 3448 Sacerdotem
497 3394 567 3448 onst.
605 3386 664 3450 Sed
681 3387 711 3447 in
730 3406 765 3446 eo
821 3392 901 3444 ocant
919 3384 978 3456 isti,
1004 3380 1081 3463 quod
1100 3398 1243 3441 summum

121 3463 170 3522 ins
189 3460 245 3522 sibi
393 3485 422 3525 es
438 3465 505 3527 Deo
523 3467 638 3528 subesse
654 3466 765 3527 nolunt.
825 3463 1028 3544 etniitqnidem
1036 3460 1116 3521 Dens
1130 3475 1243 3522 summo

121 3541 266 3618 sacerdoti
284 3543 315 3602 in
344 3543 431 3620 dum,
449 3546 500 3606 sed
517 3546 630 3607 nonnisi
648 3545 767 3626 exlege
785 3563 837 3604 sua
855 3543 1037 3624 pronuntiare
1056 3559 1121 3599 eum
1140 3535 1240 3597 voluit

121 3619 271 3701 Quicquid
290 3619 553 3718 erposnetoritstis·
568 3623 672 3686 habunt
694 3630 837 3708 pastores,
865 3621 918 3682 snb
937 3621 993 3682 Dei
1010 3617 1098 3682 verbo
1116 3613 1244 3690 subsidit,

122 3707 160 3759 nt
178 3700 310 3760 omnibns
329 3721 360 3761 m
383 3703 512 3765 ordinem
535 3705 638 3766 eosotis
661 3723 679 3766 a
704 3724 815 3764 summo
839 3722 930 3782 usque
952 3701 988 3764 ad
1011 3699 1141 3766 infimum
1159 3694 1243 3762 ,solus

9 3787 10 3790 ’
124 3777 207 3839 Dens
230 3781 361 3842 erninoet.
410 3777 444 3842 Si
504 3789 595 3844 stores
618 3783 713 3844 officio
736 3803 790 3844 suo
814 3781 903 3864 probe
922 3787 951 3842 et
968 3782 1075 3842 sineere
1092 3777 1241 3858 fungentes

85 3867 87 3870 ’
126 3861 321 3920 auctoritatem
338 3860 393 3920 sibi
411 3863 460 3922 vin
480 3863 562 3937 'osnt
580 3861 652 3923 hnee
670 3863 722 3925 erit
740 3869 836 3924 saneta
855 3869 884 3922 st
897 3861 1021 3942 legitima
1030 3859 1173 3942 gloriatio:
1192 3855 1243 3916 sed

126 3935 178 3997 ubi
196 3938 300 4020 absque
317 3937 375 4000 Dei
393 3939 481 4006 verbo
499 3943 575 4002 nuda
593 3941 741 4004 hominum
759 3943 910 4003 auotoritas
929 3941 1045 4002 effertur
1062 3937 1181 4002 evanida
1199 3943 1243 3999 ost

125 4035 163 4077 se
180 4016 266 4078 futilis
283 4019 423 4082 ineundo
463 4019 554 4102 Saepo
572 4028 666 4081 sutem
685 4023 822 4102 contingit
838 4021 940 4102 impios
964 4015 1135 4080 in‘Eoolesia
1155 4017 1242 4080 domi·

124 4097 203 4158 nari:
233 4098 273 4158 ita
296 4099 457 4160 earundem
475 4107 518 4161 ost
536 4119 572 4162 ns
591 4101 660 4181 quid
678 4101 816 4162 tribuatur
833 4095 1007 4174 bominibus,
1038 4099 1243 4178 simulatquoa

122 4175 212 4238 verbo
230 4173 287 4239 Dei
307 4177 465 4240 discedunt.
513 4179 574 4240 Hae
596 4180 724 4240 molestia
746 4181 874 4240 videmus
892 4175 1050 4260 Prophetas
1069 4179 1127 4241 iero
1145 4195 1243 4242 omnes

123 4255 209 4319 firiss'e
227 4265 363 4322 vexatos:
383 4277 451 4321 nam
469 4259 504 4319 sd
524 4258 696 4321 obruendum
714 4257 979 4320 eorumdoutriuam
996 4258 1114 4331 subinde
1133 4255 1244 4319 obiicie-

124 4333 226 4398 bsntur
245 4335 392 4421 mbgniiioi
409 4338 455 4400 isti
474 4337 549 4399 tituli
566 4337 739 4422 Principum,
757 4337 944 4413 Sacerdotem
961 4345 990 4400 et
1009 4336 1159 4398 Eedesins.
1193 4333 1242 4394 lis·

125 4413 189 4478 &m
207 4417 294 4484 bodie
313 4417 400 4482 arms
418 4418 546 4482 mansu
565 4415 695 4504 Papistos
713 4439 772 4486 non
790 4424 871 4484 se'ous
894 4417 1046 4494 ferociunt,
1071 4413 1245 4498 quom-olim
