2786 4866
45 1593 49 1601 β
163 1525 226 1578 tum
245 1524 375 1578 nostnnn
393 1515 508 1597 probari
527 1515 670 1590 volumus,
690 1515 726 1576 ab
746 1518 823 1597 open'

69 199 73 206 ’
100 257 119 286 ..,
150 219 210 280 132
552 206 592 294 tlt
611 201 715 270 Aera
735 203 872 268 apost.

151 331 219 392 runt
241 326 338 388 Deum
361 324 551 406 reliquerunt,
581 321 715 404 quiequid
745 329 844 403 postea
874 320 1015 402 sequen,
1041 321 1123 382 idolo
1151 328 1287 382 metm
1378 317 1379 386 ἶ

152 409 226 472 dari:
246 408 313 490 quia
332 405 413 466 Deus
431 423 535 486 pravos
555 419 653 464 omnes
672 402 765 462 uoltus
784 401 902 482 respuit.
943 397 1039 480 Neque
1056 404 1138 461 enim
1158 417 1288 482 aequum

153 496 210 564 eat,
239 489 400 566 impensum
418 487 445 547 ei
463 483 531 544 leni
551 483 628 561 quod
646 499 705 544 non
724 482 884 554 mandavit,
911 486 944 540 et
961 483 1025 559 quia
1042 483 1221 540 nominatim
1241 499 1287 539 ve

154 570 219 642 tuit,
237 563 347 627 visibile
366 565 547 636 simulacrum
566 562 619 622 sibi
637 561 721 642 erigi,
750 560 930 640 saerilegium
954 567 1001 620 est
1017 561 1151 643 quioquid
1171 562 1205 620 in
1226 561 1288 620 eina
1378 643 1379 650 ἵ

97 715 100 730 ‚
154 647 293 709 honorem
312 649 412 725 postea
430 649 564 704 tentatur.

234 729 356 788 Laetae
369 733 438 786 anat
448 745 536 804 super
545 723 685 804 aperitin.
705 718 850 800 Loquntio
868 717 941 778 haee
954 737 994 778 ex
1003 717 1090 778 lesnia
1102 725 1216 800 sumpta
1229 724 1285 792 eat,

156 807 215 867 imo
235 825 273 864 ex
292 801 451 884 Prophetis,
471 804 521 883 qui
540 801 667 862 similiter
685 799 859 880 exprobrant
877 797 1007 870 ludaeis,
1026 797 1180 858 oblectatus
1197 799 1285 857 lune
1378 821 1379 840 ¹

40 933 42 944 Α
146 887 217 946 auis
235 883 384 965 figmentis.
423 881 460 942 Et
480 901 546 944 eane
566 882 637 941 mira
656 881 795 942 denentia
813 885 857 938 est
876 878 946 937 dnm
967 877 1023 937 sibi
1080 879 1088 894 ⁸
1206 879 1290 936 inre-
1367 877 1379 954 ‘,

158 966 212 1026 bus
231 963 333 1024 divinia
346 968 480 1044 arrogant
495 960 633 1020 homines.
664 957 811 1019 Laetitiam
829 960 1003 1038 interpretor
1020 977 1143 1018 soeune
1160 956 1232 1016 illud
1244 956 1294 1015 tri·
1378 983 1379 1042 ᾗ

158 1043 292 1128 podium,
321 1041 400 1124 qnod
423 1041 511 1102 refert
529 1039 624 1100 Mosen
643 1038 736 1099 Exodi
754 1039 896 1102 trieesimo
916 1036 1043 1097 seeundo
1064 1037 1169 1117 capite
1209 1035 1293 1096 Com-
1378 1045 1379 1098 l

160 1142 246 1184 mnne
265 1129 360 1182 tamen
379 1122 480 1194 vitium
493 1117 655 1200 Stephanus
674 1125 762 1191 taxat,
781 1137 839 1198 quo
858 1115 990 1176 laborant
1008 1116 1190 1176 idololatrae.
1220 1113 1295 1175 Nam

161 1221 250 1286 quom
269 1204 301 1260 in
319 1200 454 1279 religione
472 1199 543 1258 nihil
563 1197 724 1258 hominibus
742 1199 785 1280 lan
804 1199 841 1256 sit
858 1198 1003 1277 suscipere
1022 1197 1077 1256 nisi
1096 1194 1195 1255 aDeo
1214 1214 1295 1276 prae

162 1283 312 1362 seriptum,
341 1287 446 1338 temere
465 1278 578 1358 quidvis
598 1280 774 1358 excogitant,
802 1283 832 1336 et
850 1276 980 1355 neglecto
999 1275 1055 1336 Dei
1073 1274 1164 1336 verbo
1183 1275 1296 1356 eligunt

162 1379 298 1421 manuum
318 1377 433 1420 auarum
453 1375 549 1438 opera.
589 1355 752 1452 Stephanus
772 1362 868 1416 autem
887 1356 1015 1431 ostendit,
1034 1355 1162 1416 domita
1182 1353 1241 1413 nbi
1260 1355 1292 1412 in

163 1440 219 1500 hae
237 1439 348 1500 licentia
367 1439 496 1519 plaeont,
520 1455 555 1496 eo
575 1455 664 1517 magis
683 1439 761 1517 ipsos
781 1437 929 1575 dieplieere
947 1433 1016 1496 Deo.
1054 1433 1162 1574 gsqpre,
1181 1435 1207 1493 si
1226 1433 1288 1572 qul·

843 1535 877 1574 uo
897 1533 1026 1574 manuum
1038 1535 1057 1574 n
1252 1531 1289 1570 oe

164 1603 217 1669 eet,
236 1615 253 1656 a
272 1597 394 1677 propriis
413 1597 535 1656 inventia
555 1593 751 1656 abstinendum
770 1602 821 1655 est„
855 1592 935 1654 Nihil
952 1597 1023 1654 enim
1041 1533 1227 1673 allodarqhnhrh
1246 1611 1293 1652 sa-

164 1677 269 1756 erilega
288 1675 447 1756 profanatio
466 1681 520 1750 est,
539 1675 676 1755 quioquid
696 1693 713 1734 a
732 1675 850 1754 seipsis
871 1674 996 1734 homines
1014 1674 1189 1753 exoogitant.
1220 1670 1296 1730 Pro·
1378 1695 1379 1706 ¹

165 1757 228 1838 prio
247 1755 362 1836 quidem
381 1755 490 1815 idolum
509 1753 607 1835 probri
626 1771 712 1815 eausa
730 1756 771 1814 sin
789 1759 925 1826 vocatur,
943 1755 1024 1835 qnasi
1042 1773 1090 1813 res
1109 1751 1211 1826 nihili,
1230 1753 1298 1832 quia
1378 1751 1379 1758 ’

153 1833 245 1902 ,υυΙΙι
264 1835 338 1896 ratio
356 1835 463 1916 patitur
481 1831 578 1896 Deum
597 1833 633 1896 ab
652 1833 766 1896 homine
786 1833 926 1894 fabricari.

193 1989 197 1996 ὰ
255 2009 309 2080 42.
341 2004 506 2077 Convertit
532 2017 637 2079 autem
665 2030 700 2074 ae
722 2005 827 2088 Deus,
854 2017 888 2074 et
909 2003 1033 2073 tradidit
1054 2027 1111 2072 eos
1133 2004 1173 2071 ad
1195 2003 1300 2072 colen

168 2117 242 2184 dam
263 2111 405 2183 militiam
424 2113 522 2183 coelis
545 2111 809 2205 quemadmodem
831 2111 984 2203 scriptum
1005 2121 1053 2180 eet
1072 2112 1104 2177 in
1125 2111 1207 2178 libro
1219 2107 1302 2176 Pro·

89 2273 91 2278 .
167 2221 349 2314 phalarum,
380 2217 544 2312 Numquid
572 2219 715 2287 victimas
741 2229 775 2286 et
801 2217 922 2285 hostias
949 2217 1101 2286 obtulistis
1127 2215 1205 2282 nrihi
1232 2239 1298 2307 per

168 2349 270 2394 annos
293 2325 493 2418 quadraginta
520 2327 552 2392 in
575 2327 714 2407 deserto,
749 2325 864 2390 domna
886 2323 1001 2392 lsrael?
1044 2328 1097 2394 43.
1127 2321 1170 2390 Et
1190 2331 1301 2388 sustu-
1378 2311 1379 2372 ἶ

168 2431 247 2500 listis
275 2431 510 2499 tabemaeulum
536 2429 680 2514 bloloch,
713 2441 746 2498 et
773 2441 892 2498 astrum
920 2431 970 2498 dei
998 2429 1094 2498 vestri
1119 2427 1306 2518 Rsmphan,

169 2548 203 2606 et
223 2537 338 2628 figuras
361 2559 440 2626 quas
461 2536 576 2605 fecistis
598 2535 638 2602 ad
660 2535 828 2604 colendum
850 2559 917 2604 eas:
939 2537 1016 2605 ideo
1033 2535 1220 2606 transieram
1241 2553 1306 2600 vos

79 2739 82 2747 V
168 2641 248 2708 ultra
269 2639 475 2731 Babylonem.

250 2783 298 2846 te.
338 2781 433 2844 Donet
460 2783 509 2844 hie
537 2783 588 2844 Str
610 2783 715 2861 hanna,
749 2787 860 2846 nullom
888 2786 1008 2848 ludaeos
1035 2786 1138 2847 lesisse
1167 2782 1306 2866 pentadi

65 2877 69 2880 ·
170 2860 272 2934 ham,
301 2863 352 2922 aed
371 2864 482 2942 longius
501 2806 621 2924 subieris
639 2867 670 2924 in
689 2867 828 2946 perversh
848 2868 906 2926 eois
925 2865 1068 2927 erroribus
1086 2871 1245 2948 evagatos,
1274 2868 1307 2922 ut

170 2942 278 3023 primm
296 2941 346 3003 ille
365 2941 391 3001 la
413 2962 460 3002 sur
479 2943 533 3002 illis
553 2945 633 3004 velut
655 2947 797 3026 ingressus
820 2948 850 3005 in
874 2945 1069 3025 labyrinthum
1093 2947 1190 3006 luerit
1244 2941 1309 3002 flue

171 3027 267 3082 antem
286 3022 377 3083 iustae
443 3021 452 3082 i
471 3024 613 3085 vindictae
632 3027 769 3106 assignat,
795 3025 874 3105 quod
893 3027 928 3084 ab
948 3045 984 3085 eo
1003 3033 1134 3106 tempore
1153 3024 1248 3084 erevit
1266 3025 1308 3081 in·

171 3100 264 3175 amia,
293 3108 327 3162 ut
350 3101 403 3162 eibi
427 3123 483 3184 pro
505 3124 564 3164 uno
588 3105 666 3164 idolo
691 3107 838 3188 innumera
857 3113 1040 3166 aeoerserent.
1080 3105 1234 3166 Admonet
1252 3102 1309 3163 hoe

171 3179 350 3261 exemplum,
380 3189 414 3258 ut
443 3183 563 3245 sollicite
592 3184 628 3244 ad
653 3204 683 3244 se
705 3183 825 3244 uendam
844 3182 901 3244 Dei
923 3187 1053 3264 regulam
1077 3185 1181 3245 intenti
1206 3185 1310 3254 abnue

172 3261 238 3399 quia
258 3261 429 3342 simrdalque
448 3263 495 3324 vel
514 3263 654 3325 tantillum
674 3206 709 3324 ah
730 3283 764 3324 ea
783 3263 963 3340 defleximus,
985 3265 1051 3325 true
1074 3272 1105 3324 et
1128 3264 1200 3323 illue
1221 3262 1311 3322 vanis

190 3339 276 3400 elin'ie
295 3343 411 3422 raptari,
429 3342 567 3424 implicari
586 3344 715 3424 plurimis
734 3343 989 3423 superstitionibus,
1009 3351 1039 3405 et
1052 3341 1311 3426 penitnademergi

170 3419 201 3478 in
219 3425 330 3480 vastam
348 3440 477 3482 errorum
503 3423 655 3484 colluviem
678 3441 793 3483 neeesse
816 3429 869 3482 eat.
918 3424 1015 3504 Atque
1039 3424 1114 3484 hane
1132 3422 1220 3482 Deos
1261 3439 1311 3480 oe-

170 3515 239 3563 nam
257 3500 330 3560 iuste
349 3499 509 3562 bominibus
528 3505 643 3580 irrogat,
663 3505 713 3582 qui
731 3503 792 3560 eine
811 3501 899 3562 verbo
918 3523 1021 3585 parem
1038 3503 1213 3566 abnuerunt.
1240 3441 1311 3561 lna

171 3576 241 3654 dieii
258 3575 421 3658 Stephanus
440 3601 609 3642 conensem
617 3583 720 3664 satane
743 3583 851 3654 Deum,
871 3603 945 3662 qnae
964 3584 1096 3664 loquutio
1116 3581 1242 3664 perinde
1259 3599 1312 3640 va-

171 3656 213 3716 let
231 3655 409 3736 ae‘Tergum
432 3659 589 3720 obvertere.
635 3657 743 3720 Oeulos
767 3663 844 3720 enim
868 3662 1081 3742 quodammodo
1106 3663 1138 3722 in
1161 3661 1314 3742 poputum

172 3733 281 3797 defixos
300 3736 434 3832 habebqt‚
463 3759 554 3820 quum
573 3739 742 3823 singularem
761 3740 791 3800 in
810 3759 845 3800 eo
864 3742 991 3826 regendo
1011 3759 1109 3803 euram
1130 3741 1316 3803 ostenderet.

171 3811 255 3877 Nune
279 3815 435 3878 deiectione
453 3819 577 3879 adoneus
601 3819 702 3879 iaoiern
726 3837 807 3880 auam
832 3819 887 3880 elio
912 3824 1061 3882 convertit.
1112 3819 1192 3882 Hine
1222 3821 1314 3882 dmul

172 3893 304 3974 oolligere
323 3896 399 3970 licet,
416 3917 475 3958 non
494 3897 576 3957 aliter
594 3919 679 3994 posse
700 3919 753 3960 noe
772 3903 964 3962 reetamriam
982 3903 1127 3982 persequi,
1147 3903 1206 3962 nisi
1216 3919 1315 3980 quun

171 3967 313 4066 pominus
336 3975 418 4036 nohis
442 3978 572 4056 regendis
595 3979 736 4061 invigilata
766 3997 865 4039 aversa
885 3989 980 4042 numm
999 3983 1060 4040 eius
1077 3981 1153 4040 faeie
1172 3991 1230 4038 noa
1250 3985 1316 4040 sta-

172 4053 224 4141 hm
241 4053 272 4110 in
290 4071 402 4114 errores
421 4054 554 4115 abstrahi.
594 4056 655 4117 Iun
672 4065 742 4119 tune
761 4056 875 4138 quidem
895 4058 993 4120 aDeo
1011 4061 1102 4120 relicti
1116 4065 1204 4119 erant
1218 4057 1316 4119 lne-

173 4123 252 4201 btae,
271 4149 362 4224 quqm
378 4135 501 4194 vitulum
520 4135 714 4198 iabriearuutr-
736 4155 835 4198 verum
855 4137 1019 4219 Stephanos
1030 4157 1151 4221 poenae
1171 4139 1317 4199 atrorx‘taF

172 4207 1317 4380 m‘snesttnatttntbalneantes‚effi

1005 4345 1011 4358 ι
1051 4339 1061 4374 '
1124 4344 1131 4356 θ

172 4357 292 4436 gloriam
309 4359 375 4420 Deo
394 4387 452 4427 non
467 4311 621 4449 hhderunt,
651 4393 741 4454 quum
759 4395 799 4437 ee·
811 4375 865 4436 iltis
884 4377 1101 4454 manifestasset,
1129 4377 1161 4438 iu
1180 4380 1320 4438 meoiu-
