2700 4844
216 241 229 282 2
479 187 607 262 cisun
625 187 711 261 uxr.
1092 201 1153 265 ιιι
1254 279 1256 286 y
1341 187 1345 238 ⁴

61 319 115 380 ruod
134 337 150 379 a
169 310 344 380 eeremonlis·
354 311 654 389 inflammassent,
672 330 725 376 neo
741 311 902 376 omluhlrat
915 314 945 376 ln
959 312 1156 378 olsemdone

39 343 132 476 degis,
156 398 206 456 sed
228 396 365 454 memoria
380 395 541 473 ,tenendum
565 403 610 474 est
629 395 707 474 qnod
725 395 873 469 rumoni,
897 393 988 454 Paulo
1007 401 1036 454 et
1054 394 1152 454 Senio-

38 480 115 538 ribus
133 479 199 536 satis
218 475 317 548 luisse,
329 475 367 532 'sl
385 473 553 534 calomniam
572 476 670 554 inique
686 475 809 534 innatam
826 475 979 547 diluerent,
1004 475 1082 554 qnod
1101 477 1152 534 soi-

37 559 102 616 lieet
121 553 202 636 legis
220 559 295 613 esset
314 557 456 634 apostata:
477 553 673 628 breviantes
693 553 786 614 offerri
804 560 914 634 poterat
932 554 1032 614 melior
1049 573 1153 634 oppor-

36 637 153 710 tunitas,
171 641 205 694 nt
221 651 255 692 ae
272 627 426 714 pugnando
445 651 494 694 eos
515 631 549 692 ab
569 651 664 693 errore
682 635 785 694 sensim
805 634 967 709 rmmheret,
1006 631 1065 692 Nee
1085 639 1154 694 reio

37 716 105 774 utll‘e
127 719 202 786 erat,
231 711 351 772 Paulum
369 713 425 780 'diu
450 709 544 772 haberi
568 711 649 798 Legis
673 713 824 786 cultum,
853 713 950 794 quaiso
974 713 1062 792 vulgo
1087 719 1155 771 tune

36 800 118 854 erant
145 792 288 872 discipulis
322 809 388 852 mm
418 791 474 852 lroo
496 791 586 852 modo
616 794 735 852 erasalus
763 794 857 852 velum
886 793 922 852 ad
949 791 1155 854 obscurandam

36 871 143 932 Christi
166 873 259 934 lneem
276 889 381 940 ⁴eornm
406 871 495 930 oeulis
520 871 682 930 olsdnetnm·
697 872 779 932 toret.
824 870 921 950 Quare
943 874 1063 934 odiamus
1081 869 1155 931 Pan·

37 951 97 1010 lum
121 966 179 1011 non
204 950 360 1025 simulam
381 951 434 1009 sed
459 951 565 1010 sineere
584 951 741 1030 professum
759 969 834 1025 esse,
858 951 927 1011 nihil
946 952 998 1022 sibi
1018 951 1075 1012 odii
1092 969 1156 1011 esso

37 1032 171 1111 ailveraut
218 1046 220 1048 ·
294 1031 391 1110 ‚'quin
410 1031 504 1110 potins
523 1049 553 1088 se
572 1037 733 1102 reverenter
752 1031 787 1090 de
805 1049 845 1091 ea.
858 1033 969 1092 omme.
988 1029 1154 1111 Impendere
1274 1091 1279 1098 ,
1343 1085 1346 1116 p

38 1105 321 1248 oum'lllippiipegrpnp'dn
340 1109 407 1190 qula
425 1108 555 1169 conferre
574 1109 700 1170 solebant
717 1111 921 1185 incommune,
939 1116 973 1170 ut
986 1107 1155 1170 sauitidum

39 1209 92 1248 ιιιιι
277 1231 284 1246 .

116 1269 165 1330 25.
183 1249 242 1328 ns·
254 1273 296 1328 re
314 1275 410 1327 oum
429 1272 480 1351 qur
498 1269 690 1328 masma.
729 1266 792 1328 noo
809 1269 874 1328 roeo
892 1261 1015 1343 rueme,
1043 1287 1080 1328 ns
1099 1286 1156 1347 qu·

38 1345 156 1428 obrepat
176 1348 308 1428 sospito,
326 1346 401 1406 velle
418 1349 469 1406 eo's
489 1367 575 1427 qnam
595 1348 671 1428 prius
690 1347 824 1408 dederant
842 1347 997 1408 libertatem
1016 1347 1156 1428 gentibus,

36 1446 112 1485 nune
131 1427 231 1486 tollere
247 1426 298 1484 'nel
332 1425 472 1500 'astulam
491 1433 524 1486 ut
541 1425 711 1508 praeiudicio
731 1425 826 1506 aliquo
846 1433 1006 1508 gratentur.
1036 1425 1095 1486 Sed
1113 1427 1155 1486 in-

35 1511 112 1572 terea
130 1506 264 1573 videntur
280 1443 399 1564 ludaeos
418 1511 513 1565 tenere
532 1504 586 1569 suh,
603 1507 670 1584 iugo
689 1505 846 1579 servitutisq
869 1525 885 1566 a
905 1527 963 1588 quo
988 1505 1092 1566 diserte
1110 1523 1156 1564 so-

36 1585 77 1643 las
102 1591 208 1666 genus
226 1585 365 1644 eximunt.
405 1581 588 1666 Respondem·
612 1603 700 1664 quum
721 1597 777 1666 'par
795 1590 869 1646 esset
886 1587 1013 1646 omnium
1032 1585 1157 1645 eonditio

37 1663 112 1724 idem
132 1665 202 1724 itu-ia
221 1664 307 1723 lulsse
324 1663 382 1722 utel
417 1681 456 1726 ue
472 1663 649 1744 penuriosum,
669 1663 718 1722 sed
737 1663 845 1722 nullum
864 1663 899 1746 de
917 1664 1026 1724 Indaeis
1038 1664 1157 1724 verbnm

35 1743 112 1818 lieri,
137 1743 188 1826 qui
208 1743 308 1804 adhue
320 1743 377 1802 t'nis
397 1764 415 1801 o
435 1741 695 1800 ammonitorem
714 1741 817 1801 addicit
835 1747 985 1817 erant‚'nt
1002 1743 1054 1802 n'lri
1072 1743 1157 1804 noue

34 1825 145 1886 nollent
163 1816 240 1904 qnod
259 1821 385 1882 limbat·
407 1820 554 1882 Gentibuo'
565 1826 659 1882 antem
678 1822 844 1880 nominatim
862 1821 999 1880 cavebant
1017 1822 1158 1901 Apostoli,

36 1922 73 1960 ne
100 1921 154 1961 suo
177 1913 258 1962 more
276 1901 371 1968 {adad
390 1901 471 1998 qnasi
489 1899 623 1982 profanos
641 1901 819 1980 et'inrpuros
835 1907 1012 1980 respuerent,
1037 1901 1087 1980 qni
1105 1919 1158 1971 nee

36 1983 194 2042 circumcisi
214 1985 308 2050 erant,
332 1998 384 2040 nee
402 2001 432 2042 nr
450 1979 533 2061 Legis
553 1979 633 2048 enltn
651 1979 771 2039 eduomi.
809 1976 900 2038 Porro
923 1997 961 2038 ne
984 1993 1158 2058 supervacua

36 2059 349 2142 repetitioneehartam
369 2079 493 2132 onerem,
513 2065 587 2140 qna'e
604 2058 643 2118 dd·
661 2058 744 2118 lrnlns
759 2058 864 2120 decreti
877 2057 1082 2142 expositionem
1095 2075 1159 2139 per·

33 2143 135 2210 tinem,
154 2159 192 2201 ex
211 2146 273 2223 cap
293 2141 341 2215 15,
361 2143 408 2202 20.
427 2145 526 2221 petant
543 2139 673 2200 lectores.
704 2167 705 2172 ¹
833 2217 845 2232 ,.

122 2261 298 2381 estune
323 2309 440 2378 Paulus
453 2297 457 2312 ’
471 2311 639 2401 assumptis
673 2309 760 2394 viris,
791 2317 919 2408 postero
946 2289 997 2378 die
1023 2299 1159 2400 purifica-

33 2433 87 2488 tus
122 2441 197 2488 mm
213 2418 289 2488 {illia
321 2416 503 2486 intravitin
532 2416 700 2508 templum,
731 2417 918 2490 annuntians
946 2414 1159 2506 expletionem

35 2525 162 2592 dierum
187 2513 427 2612 ,purificationis
459 2523 561 2591 donec
597 2523 760 2590 efferretur
789 2545 847 2614 pro
881 2543 1077 2612 unoquoque
1107 2543 1159 2588 ee
1216 2579 1223 2596 „
1347 2573 1348 2580 ,

33 2655 110 2698 rum
141 2625 275 2706 oblatio,
325 2622 378 2696 27.
412 2625 499 2704 Duria
531 2638 637 2696 autem
670 2639 792 2725 septem
819 2624 884 2696 dies
905 2628 968 2699 iam
993 2632 1094 2719 paene
1116 2649 1161 2694 es

34 2746 110 2804 sent
142 2733 271 2824 expleti,
284 2763 289 2776 ·
304 2729 434 2824 quidem
465 2733 504 2802 ab
525 2733 600 2802 Am
629 2733 749 2818 ludaei,
782 2757 882 2825 quum
908 2733 1060 2804 vidissent
1084 2753 1160 2802 eum

30 2844 68 2908 in
92 2840 227 2931 templo,
248 2839 473 2906 conturbarunt
493 2849 596 2907 totum
616 2841 781 2932 populum,
803 2833 836 2908 et
854 2838 1027 2909 inieoernnt
1047 2839 1077 2909 ei
1097 2861 1161 2907 ma

34 2969 108 3028 nus,
152 2945 206 3012 28.
227 2943 422 3027 Clamanteo,
453 2943 520 3012 Viri
545 2943 714 3031 israelitae,
748 2947 930 3016 succurrite:
962 2947 1014 3014 hie
1039 2955 1088 3014 est
1106 2945 1160 3013 ille

34 3054 154 3132 humo,
187 3050 241 3139 qui
267 3052 416 3119 adversus
438 3049 593 3142 populum
613 3061 646 3119 et
666 3050 786 3143 Legem
808 3061 840 3118 et
861 3052 967 3118 laeum
988 3051 1074 3118 hune
1096 3071 1160 3118 otu-

35 3180 98 3225 nes
122 3155 241 3244 ubique
262 3155 367 3224 dneetr
387 3157 517 3248 insuper
538 3165 571 3223 et
591 3157 727 3226 Graecos
748 3156 870 3222 induxit
890 3156 924 3222 in
943 3155 1107 3248 templum,
1127 3166 1161 3224 et
1252 3177 1256 3185 ’

35 3261 217 3355 profanavit
249 3267 390 3330 'sanctum
421 3261 529 3332 locum
561 3261 655 3330 hunc.
708 3259 762 3329 29.
783 3259 932 3328 Viderunt
969 3261 1053 3330 enim
1085 3261 1162 3328 Tro

34 3368 186 3460 phimum
206 3365 380 3458 Ephesium
411 3367 446 3436 in
477 3369 599 3437 unum
627 3390 699 3435 cum
726 3368 811 3458 ipso,
844 3389 944 3457 quum
970 3367 1163 3436 existimaus
1209 3415 1211 3426 ·

35 3484 129 3557 runt,
156 3472 243 3564 qnod
269 3473 302 3539 in
328 3473 485 3563 templum
514 3473 737 3541 introduxisset
757 3472 883 3540 Paulus.
933 3471 987 3541 30.
1014 3471 1162 3542 Commo

36 3591 135 3670 taque
163 3587 211 3648 est
236 3577 343 3646 civitas
365 3585 446 3662 tota,
472 3589 505 3648 et
525 3577 624 3648 lactus
646 3589 694 3648 est
714 3601 885 3648 concursus
905 3577 1030 3672 populi,
1056 3588 1090 3646 et
1111 3603 1161 3668 ap

37 3686 232 3778 prehensum
259 3683 394 3752 Paulum
424 3685 588 3754 trahebant
618 3710 638 3754 e
665 3685 801 3779 templo:
838 3685 1007 3777 statimque
1039 3684 1162 3753 ὼιιιιιε

36 3802 115 3860 sunt
136 3789 227 3856 tores.

121 3959 169 4018 td
190 3955 277 4036 Quod
311 3961 433 4022 astutiae
460 3959 581 4022 Paulum
615 3962 730 4047 quidam
761 3963 937 4034 insimulant,
971 3961 1051 4042 quasi
1085 3959 1162 4032 aliud

39 4057 112 4122 prae
136 4055 167 4096 se
190 4035 286 4098 tulerit
310 4056 396 4120 φιιιιι
419 4058 464 4100 neo
488 4039 623 4116 habebat,
651 4061 736 4124 supra
760 4043 930 4122 improbavi:
959 4059 1049 4122 prope
1066 4045 1163 4099 tamen

40 4123 174 4178 eoactum
203 4115 259 4176 hoe
288 4118 396 4179 dedisse
424 4117 542 4182 frenum
570 4119 702 4202 precibus
729 4141 788 4180 non
812 4119 929 4180 inlieior.
972 4119 1072 4199 ltaque
1095 4119 1161 4200 plns

40 4197 148 4258 coloris
172 4195 259 4257 habet
280 4199 370 4278 magis
411 4218 441 4273 e,
469 4207 502 4260 ut
524 4202 692 4282 loquuntur,
710 4197 957 4282 disputabileest,
975 4199 1058 4260 nimis
1076 4198 1163 4258 inisse

40 4277 154 4337 facilem
178 4277 208 4337 in
234 4275 376 4356 obsequen
398 4297 429 4337 oa
458 4297 550 4360 neque
573 4286 668 4340 tamen
691 4281 797 4362 resipio
821 4279 899 4359 quod
917 4277 1018 4340 volunt
1037 4277 1162 4360 qnidam,

40 4353 190 4418 infeliciter
217 4357 334 4419 oessism
357 4353 462 4436 Paulo,
491 4359 570 4440 quod
595 4377 701 4423 noram
726 4369 758 4424 et
780 4359 923 4422 insolitam
948 4375 1099 4441 monam
1120 4357 1164 4418 in·
