<?xml version="1.0" encoding="UTF-8"?>
<!DOCTYPE html PUBLIC "-//W3C//DTD XHTML 1.0 Transitional//EN"
    "http://www.w3.org/TR/xhtml1/DTD/xhtml1-transitional.dtd">
<html xmlns="http://www.w3.org/1999/xhtml" xml:lang="en" lang="en">
 <head>
  <title>
</title>
<meta http-equiv="Content-Type" content="text/html;charset=utf-8" />
  <meta name='ocr-system' content='tesseract 3.04.00' />
  <meta name='ocr-capabilities' content='ocr_page ocr_carea ocr_par ocr_line ocrx_word'/>
</head>
<body>
  <div class='ocr_page' id='page_1' title='image "./innovumtestamen00tholgoog_0553.png"; bbox 0 0 2754 4864; ppageno 0'>
   <div class='ocr_carea' id='block_1_1' title="bbox 214 191 933 282">
    <p class='ocr_par' dir='ltr' id='par_1_1' title="bbox 214 191 933 282">
     <span class='ocr_line' id='line_1_1' title="bbox 214 191 933 282; baseline 0.003 -4"><span class='ocrx_word' id='word_1_1' title='bbox 214 199 273 280; x_wconf 75' lang='lat' dir='ltr'><strong>ato</strong></span> <span class='ocrx_word' id='word_1_2' title='bbox 344 191 351 202; x_wconf 84' lang='lat'>&#39;</span> <span class='ocrx_word' id='word_1_3' title='bbox 571 251 577 262; x_wconf 81' lang='lat'><strong>,</strong></span> <span class='ocrx_word' id='word_1_4' title='bbox 613 216 653 278; x_wconf 83' lang='lat' dir='ltr'><strong>ru</strong></span> <span class='ocrx_word' id='word_1_5' title='bbox 670 215 776 282; x_wconf 82' lang='lat' dir='ltr'><strong>aera</strong></span> <span class='ocrx_word' id='word_1_6' title='bbox 790 217 933 282; x_wconf 79' lang='lat' dir='ltr'><strong>arosr.</strong></span> 
     </span>
    </p>
   </div>
   <div class='ocr_carea' id='block_1_2' title="bbox 211 327 1345 2247">
    <p class='ocr_par' dir='ltr' id='par_1_2' title="bbox 212 327 1345 1690">
     <span class='ocr_line' id='line_1_2' title="bbox 213 327 1345 418; baseline 0.006 -26"><span class='ocrx_word' id='word_1_7' title='bbox 213 329 300 392; x_wconf 89' lang='lat' dir='ltr'><strong>mode</strong></span> <span class='ocrx_word' id='word_1_8' title='bbox 319 348 385 394; x_wconf 82' lang='lat' dir='ltr'><strong>enm</strong></span> <span class='ocrx_word' id='word_1_9' title='bbox 403 327 459 392; x_wconf 86' lang='lat' dir='ltr'><strong>illis</strong></span> <span class='ocrx_word' id='word_1_10' title='bbox 477 329 545 413; x_wconf 81' lang='lat' dir='ltr'><strong>egit,</strong></span> <span class='ocrx_word' id='word_1_11' title='bbox 564 331 613 394; x_wconf 89' lang='lat' dir='ltr'><strong>sed</strong></span> <span class='ocrx_word' id='word_1_12' title='bbox 630 333 788 396; x_wconf 84' lang='lat' dir='ltr'><strong>honorilice</strong></span> <span class='ocrx_word' id='word_1_13' title='bbox 807 355 857 396; x_wconf 87' lang='lat' dir='ltr'><strong>eos</strong></span> <span class='ocrx_word' id='word_1_14' title='bbox 875 336 1036 418; x_wconf 85' lang='lat' dir='ltr'><strong>alloquutus</strong></span> <span class='ocrx_word' id='word_1_15' title='bbox 1052 345 1105 398; x_wconf 81' lang='lat' dir='ltr'><strong>est:</strong></span> <span class='ocrx_word' id='word_1_16' title='bbox 1124 356 1198 398; x_wconf 90' lang='lat' dir='ltr'><strong>nune</strong></span> <span class='ocrx_word' id='word_1_17' title='bbox 1215 335 1302 399; x_wconf 78' lang='lat' dir='ltr'><strong>ehtde·</strong></span> <span class='ocrx_word' id='word_1_18' title='bbox 1339 357 1345 370; x_wconf 94' lang='lat'><em>·</em></span> 
     </span>
     <span class='ocr_line' id='line_1_3' title="bbox 213 412 1304 578; baseline 0.007 -28"><span class='ocrx_word' id='word_1_19' title='bbox 213 415 356 550; x_wconf 58' lang='lat' dir='ltr'><strong>tttffi</strong></span> <span class='ocrx_word' id='word_1_20' title='bbox 375 412 1304 578; x_wconf 51' lang='lat' dir='ltr'><strong>{iiiiiiiilii²i³.?&#39;uii”.h⁰lhi¹⁵&#39;.l‘¹i¹¹.lffi</strong></span> 
     </span>
     <span class='ocr_line' id='line_1_4' title="bbox 213 530 1305 660; baseline 0.007 -32"><span class='ocrx_word' id='word_1_21' title='bbox 213 570 306 630; x_wconf 86' lang='lat' dir='ltr'><strong>alieno</strong></span> <span class='ocrx_word' id='word_1_22' title='bbox 326 530 428 649; x_wconf 82' lang='lat' dir='ltr'><strong>gebere</strong></span> <span class='ocrx_word' id='word_1_23' title='bbox 448 577 527 632; x_wconf 92' lang='lat' dir='ltr'><strong>ortos</strong></span> <span class='ocrx_word' id='word_1_24' title='bbox 545 573 705 653; x_wconf 87' lang='lat' dir='ltr'><strong>compellat.</strong></span> <span class='ocrx_word' id='word_1_25' title='bbox 745 573 818 648; x_wconf 87' lang='lat' dir='ltr'><strong>Vos,</strong></span> <span class='ocrx_word' id='word_1_26' title='bbox 838 575 946 654; x_wconf 88' lang='lat' dir='ltr'><strong>inquit,</strong></span> <span class='ocrx_word' id='word_1_27' title='bbox 966 575 1085 660; x_wconf 86' lang='lat' dir='ltr'><strong>patribus</strong></span> <span class='ocrx_word' id='word_1_28' title='bbox 1102 580 1197 638; x_wconf 79' lang='lat' dir='ltr'><strong>restris</strong></span> <span class='ocrx_word' id='word_1_29' title='bbox 1216 579 1305 637; x_wconf 81' lang='lat' dir='ltr'><strong>similes</strong></span> 
     </span>
     <span class='ocr_line' id='line_1_5' title="bbox 212 649 1307 736; baseline 0.004 -26"><span class='ocrx_word' id='word_1_30' title='bbox 212 650 289 724; x_wconf 84' lang='lat' dir='ltr'><strong>estis,</strong></span> <span class='ocrx_word' id='word_1_31' title='bbox 309 649 360 728; x_wconf 87' lang='lat' dir='ltr'><strong>qui</strong></span> <span class='ocrx_word' id='word_1_32' title='bbox 378 669 490 732; x_wconf 84' lang='lat' dir='ltr'><strong>semper</strong></span> <span class='ocrx_word' id='word_1_33' title='bbox 507 653 538 710; x_wconf 90' lang='lat' dir='ltr'><strong>in</strong></span> <span class='ocrx_word' id='word_1_34' title='bbox 557 650 612 712; x_wconf 87' lang='lat' dir='ltr'><strong>Dei</strong></span> <span class='ocrx_word' id='word_1_35' title='bbox 630 651 769 733; x_wconf 86' lang='lat' dir='ltr'><strong>Spiritum</strong></span> <span class='ocrx_word' id='word_1_36' title='bbox 788 653 906 714; x_wconf 85' lang='lat' dir='ltr'><strong>rebelles</strong></span> <span class='ocrx_word' id='word_1_37' title='bbox 926 655 1050 716; x_wconf 85' lang='lat' dir='ltr'><strong>luerunt.</strong></span> <span class='ocrx_word' id='word_1_38' title='bbox 1071 659 1149 736; x_wconf 80' lang='lat' dir='ltr'><strong>Atqui</strong></span> <span class='ocrx_word' id='word_1_39' title='bbox 1165 676 1201 716; x_wconf 88' lang='lat' dir='ltr'><strong>ex</strong></span> <span class='ocrx_word' id='word_1_40' title='bbox 1219 657 1307 715; x_wconf 81' lang='lat' dir='ltr'><strong>iisdeu</strong></span> 
     </span>
     <span class='ocr_line' id='line_1_6' title="bbox 213 729 1307 812; baseline 0.006 -24"><span class='ocrx_word' id='word_1_41' title='bbox 213 729 275 810; x_wconf 89' lang='lat' dir='ltr'><strong>ipse</strong></span> <span class='ocrx_word' id='word_1_42' title='bbox 293 748 410 809; x_wconf 85' lang='lat' dir='ltr'><strong>quoqne</strong></span> <span class='ocrx_word' id='word_1_43' title='bbox 426 729 554 811; x_wconf 90' lang='lat' dir='ltr'><strong>patribus</strong></span> <span class='ocrx_word' id='word_1_44' title='bbox 574 732 710 812; x_wconf 75' lang='lat' dir='ltr'>originem</span> <span class='ocrx_word' id='word_1_45' title='bbox 729 731 862 805; x_wconf 87' lang='lat' dir='ltr'><strong>ducebat,</strong></span> <span class='ocrx_word' id='word_1_46' title='bbox 883 752 983 794; x_wconf 84' lang='lat' dir='ltr'><strong>verum</strong></span> <span class='ocrx_word' id='word_1_47' title='bbox 1003 741 1037 794; x_wconf 83' lang='lat' dir='ltr'><strong>ur</strong></span> <span class='ocrx_word' id='word_1_48' title='bbox 1055 734 1156 795; x_wconf 85' lang='lat' dir='ltr'><strong>Christo</strong></span> <span class='ocrx_word' id='word_1_49' title='bbox 1172 755 1201 795; x_wconf 90' lang='lat' dir='ltr'><strong>se</strong></span> <span class='ocrx_word' id='word_1_50' title='bbox 1218 735 1307 795; x_wconf 89' lang='lat' dir='ltr'><strong>adiuu-</strong></span> 
     </span>
     <span class='ocr_line' id='line_1_7' title="bbox 213 813 1308 907; baseline 0.006 -40"><span class='ocrx_word' id='word_1_51' title='bbox 213 814 271 888; x_wconf 89' lang='lat' dir='ltr'><strong>gat,</strong></span> <span class='ocrx_word' id='word_1_52' title='bbox 290 828 378 890; x_wconf 86' lang='lat' dir='ltr'><strong>genus</strong></span> <span class='ocrx_word' id='word_1_53' title='bbox 397 829 490 884; x_wconf 89' lang='lat' dir='ltr'><strong>suum,</strong></span> <span class='ocrx_word' id='word_1_54' title='bbox 532 817 648 871; x_wconf 83' lang='lat' dir='ltr'><strong>antenus</strong></span> <span class='ocrx_word' id='word_1_55' title='bbox 666 813 787 907; x_wconf 85' lang='lat' dir='ltr'><strong>impium</strong></span> <span class='ocrx_word' id='word_1_56' title='bbox 805 813 904 884; x_wconf 78' lang='lat' dir='ltr'><strong>fuerat,</strong></span> <span class='ocrx_word' id='word_1_57' title='bbox 925 814 1106 874; x_wconf 85' lang='lat' dir='ltr'><strong>obliviscitur.</strong></span> <span class='ocrx_word' id='word_1_58' title='bbox 1126 813 1308 894; x_wconf 68' lang='lat' dir='ltr'><strong>Nemetum</strong></span> 
     </span>
     <span class='ocr_line' id='line_1_8' title="bbox 213 831 1300 974; baseline 0.005 -25"><span class='ocrx_word' id='word_1_59' title='bbox 213 907 312 949; x_wconf 88' lang='lat' dir='ltr'><strong>ornnes</strong></span> <span class='ocrx_word' id='word_1_60' title='bbox 331 887 432 950; x_wconf 89' lang='lat' dir='ltr'><strong>eodem</strong></span> <span class='ocrx_word' id='word_1_61' title='bbox 450 831 529 970; x_wconf 70' lang='lat' dir='ltr'><strong>quob</strong></span> <span class='ocrx_word' id='word_1_62' title='bbox 547 892 627 950; x_wconf 88' lang='lat' dir='ltr'><strong>aiunt</strong></span> <span class='ocrx_word' id='word_1_63' title='bbox 644 890 779 952; x_wconf 67' lang='lat' dir='ltr'><strong>monade</strong></span> <span class='ocrx_word' id='word_1_64' title='bbox 798 911 863 952; x_wconf 88' lang='lat' dir='ltr'><strong>corn</strong></span> <span class='ocrx_word' id='word_1_65' title='bbox 883 891 1026 968; x_wconf 79' lang='lat' dir='ltr'><strong>rehendit,</strong></span> <span class='ocrx_word' id='word_1_66' title='bbox 1046 895 1094 954; x_wconf 86' lang='lat' dir='ltr'><strong>aad</strong></span> <span class='ocrx_word' id='word_1_67' title='bbox 1111 893 1213 953; x_wconf 83' lang='lat' dir='ltr'><strong>turbam</strong></span> <span class='ocrx_word' id='word_1_68' title='bbox 1227 895 1300 974; x_wconf 78' lang='lat' dir='ltr'><strong>ipssa</strong></span> 
     </span>
     <span class='ocr_line' id='line_1_9' title="bbox 212 967 1308 1052; baseline 0.003 -24"><span class='ocrx_word' id='word_1_69' title='bbox 212 967 373 1050; x_wconf 85' lang='lat' dir='ltr'><strong>compellat.</strong></span> <span class='ocrx_word' id='word_1_70' title='bbox 394 967 546 1029; x_wconf 72' lang='lat' dir='ltr'><strong>Caeterum</strong></span> <span class='ocrx_word' id='word_1_71' title='bbox 564 979 696 1032; x_wconf 72' lang='lat' dir='ltr'><strong>resistere</strong></span> <span class='ocrx_word' id='word_1_72' title='bbox 705 975 833 1050; x_wconf 68' lang='lat' dir='ltr'><strong>spernes·</strong></span> <span class='ocrx_word' id='word_1_73' title='bbox 880 977 993 1047; x_wconf 88' lang='lat' dir='ltr'><strong>cuntur,</strong></span> <span class='ocrx_word' id='word_1_74' title='bbox 1012 974 1063 1052; x_wconf 77' lang='lat' dir='ltr'><strong>qui</strong></span> <span class='ocrx_word' id='word_1_75' title='bbox 1081 993 1145 1033; x_wconf 84' lang='lat' dir='ltr'><strong>erun</strong></span> <span class='ocrx_word' id='word_1_76' title='bbox 1161 972 1308 1052; x_wconf 84' lang='lat' dir='ltr'><strong>ial‘rophe</strong></span> 
     </span>
     <span class='ocr_line' id='line_1_10' title="bbox 212 1047 1307 1130; baseline 0.005 -23"><span class='ocrx_word' id='word_1_77' title='bbox 212 1049 250 1108; x_wconf 86' lang='lat' dir='ltr'><strong>tis</strong></span> <span class='ocrx_word' id='word_1_78' title='bbox 268 1048 298 1108; x_wconf 93' lang='lat' dir='ltr'><strong>lo</strong></span> <span class='ocrx_word' id='word_1_79' title='bbox 338 1053 433 1110; x_wconf 81' lang='lat' dir='ltr'><strong>entem</strong></span> <span class='ocrx_word' id='word_1_80' title='bbox 451 1053 655 1110; x_wconf 63' lang='lat' dir='ltr'><strong>contumaciter</strong></span> <span class='ocrx_word' id='word_1_81' title='bbox 672 1051 810 1110; x_wconf 87' lang='lat' dir='ltr'><strong>reiieinnt.</strong></span> <span class='ocrx_word' id='word_1_82' title='bbox 854 1047 955 1130; x_wconf 86' lang='lat' dir='ltr'><strong>Neque</strong></span> <span class='ocrx_word' id='word_1_83' title='bbox 978 1053 1056 1112; x_wconf 88' lang='lat' dir='ltr'><strong>eninr</strong></span> <span class='ocrx_word' id='word_1_84' title='bbox 1075 1053 1110 1112; x_wconf 84' lang='lat' dir='ltr'><strong>de</strong></span> <span class='ocrx_word' id='word_1_85' title='bbox 1127 1053 1228 1112; x_wconf 87' lang='lat' dir='ltr'><strong>areanis</strong></span> <span class='ocrx_word' id='word_1_86' title='bbox 1244 1071 1307 1112; x_wconf 78' lang='lat' dir='ltr'><strong>rere</strong></span> 
     </span>
     <span class='ocr_line' id='line_1_11' title="bbox 213 1127 1308 1213; baseline 0.004 -25"><span class='ocrx_word' id='word_1_87' title='bbox 213 1127 311 1188; x_wconf 86' lang='lat' dir='ltr'><strong>lationi</strong></span> <span class='ocrx_word' id='word_1_88' title='bbox 332 1147 365 1188; x_wconf 84' lang='lat' dir='ltr'><strong>ns</strong></span> <span class='ocrx_word' id='word_1_89' title='bbox 385 1127 432 1188; x_wconf 88' lang='lat' dir='ltr'><strong>hic</strong></span> <span class='ocrx_word' id='word_1_90' title='bbox 450 1129 553 1209; x_wconf 90' lang='lat' dir='ltr'><strong>agitur,</strong></span> <span class='ocrx_word' id='word_1_91' title='bbox 573 1147 643 1209; x_wconf 88' lang='lat' dir='ltr'><strong>quas</strong></span> <span class='ocrx_word' id='word_1_92' title='bbox 653 1127 734 1190; x_wconf 85' lang='lat' dir='ltr'><strong>Deus</strong></span> <span class='ocrx_word' id='word_1_93' title='bbox 747 1131 849 1210; x_wconf 87' lang='lat' dir='ltr'><strong>cuique</strong></span> <span class='ocrx_word' id='word_1_94' title='bbox 867 1131 944 1191; x_wconf 86' lang='lat' dir='ltr'><strong>intua</strong></span> <span class='ocrx_word' id='word_1_95' title='bbox 964 1131 1090 1213; x_wconf 79' lang='lat' dir='ltr'><strong>inspirat,</strong></span> <span class='ocrx_word' id='word_1_96' title='bbox 1108 1132 1157 1192; x_wconf 89' lang='lat' dir='ltr'><strong>sed</strong></span> <span class='ocrx_word' id='word_1_97' title='bbox 1170 1131 1308 1192; x_wconf 77' lang='lat' dir='ltr'><strong>deestnm</strong></span> 
     </span>
     <span class='ocr_line' id='line_1_12' title="bbox 213 1205 1308 1286; baseline 0.001 -18"><span class='ocrx_word' id='word_1_98' title='bbox 213 1207 378 1268; x_wconf 87' lang='lat' dir='ltr'><strong>ministerio.</strong></span> <span class='ocrx_word' id='word_1_99' title='bbox 407 1205 496 1286; x_wconf 82' lang='lat' dir='ltr'><strong>Quod</strong></span> <span class='ocrx_word' id='word_1_100' title='bbox 515 1208 562 1268; x_wconf 92' lang='lat' dir='ltr'><strong>dili</strong></span> <span class='ocrx_word' id='word_1_101' title='bbox 617 1215 663 1271; x_wconf 86' lang='lat' dir='ltr'><strong>ter</strong></span> <span class='ocrx_word' id='word_1_102' title='bbox 679 1207 837 1270; x_wconf 87' lang='lat' dir='ltr'><strong>notandum</strong></span> <span class='ocrx_word' id='word_1_103' title='bbox 855 1217 909 1270; x_wconf 87' lang='lat' dir='ltr'><strong>est.</strong></span> <span class='ocrx_word' id='word_1_104' title='bbox 938 1208 1062 1272; x_wconf 84' lang='lat' dir='ltr'><strong>Omnem</strong></span> <span class='ocrx_word' id='word_1_105' title='bbox 1080 1213 1258 1272; x_wconf 68' lang='lat' dir='ltr'><strong>narrationis</strong></span> <span class='ocrx_word' id='word_1_106' title='bbox 1273 1230 1308 1270; x_wconf 85' lang='lat' dir='ltr'><strong>eo</strong></span> 
     </span>
     <span class='ocr_line' id='line_1_13' title="bbox 213 1283 1311 1371; baseline 0.003 -25"><span class='ocrx_word' id='word_1_107' title='bbox 213 1287 305 1348; x_wconf 86' lang='lat' dir='ltr'><strong>iorem</strong></span> <span class='ocrx_word' id='word_1_108' title='bbox 323 1287 387 1347; x_wconf 82' lang='lat' dir='ltr'><strong>vult</strong></span> <span class='ocrx_word' id='word_1_109' title='bbox 403 1283 514 1346; x_wconf 88' lang='lat' dir='ltr'><strong>ludaeis</strong></span> <span class='ocrx_word' id='word_1_110' title='bbox 532 1293 564 1348; x_wconf 89' lang='lat' dir='ltr'><strong>to</strong></span> <span class='ocrx_word' id='word_1_111' title='bbox 586 1307 641 1350; x_wconf 80' lang='lat' dir='ltr'><strong>ere.</strong></span> <span class='ocrx_word' id='word_1_112' title='bbox 670 1287 770 1369; x_wconf 87' lang='lat' dir='ltr'><strong>ltaque</strong></span> <span class='ocrx_word' id='word_1_113' title='bbox 788 1289 942 1370; x_wconf 70' lang='lat' dir='ltr'><strong>exprobrat</strong></span> <span class='ocrx_word' id='word_1_114' title='bbox 961 1291 1041 1371; x_wconf 85' lang='lat' dir='ltr'><strong>quasi</strong></span> <span class='ocrx_word' id='word_1_115' title='bbox 1058 1289 1155 1352; x_wconf 82' lang='lat' dir='ltr'><strong>datae</strong></span> <span class='ocrx_word' id='word_1_116' title='bbox 1237 1297 1265 1350; x_wconf 86' lang='lat' dir='ltr'><strong>et</strong></span> <span class='ocrx_word' id='word_1_117' title='bbox 1281 1309 1311 1349; x_wconf 83' lang='lat' dir='ltr'><strong>ex</strong></span> 
     </span>
     <span class='ocr_line' id='line_1_14' title="bbox 213 1309 1312 1450; baseline 0 -24"><span class='ocrx_word' id='word_1_118' title='bbox 213 1365 371 1448; x_wconf 87' lang='lat' dir='ltr'><strong>proposito,</strong></span> <span class='ocrx_word' id='word_1_119' title='bbox 389 1373 562 1428; x_wconf 75' lang='lat' dir='ltr'><strong>nouantem</strong></span> <span class='ocrx_word' id='word_1_120' title='bbox 581 1368 740 1450; x_wconf 77' lang='lat' dir='ltr'><strong>ignorantia</strong></span> <span class='ocrx_word' id='word_1_121' title='bbox 758 1368 845 1429; x_wconf 83' lang='lat' dir='ltr'><strong>luisse</strong></span> <span class='ocrx_word' id='word_1_122' title='bbox 864 1369 930 1430; x_wconf 85' lang='lat' dir='ltr'><strong>Deo</strong></span> <span class='ocrx_word' id='word_1_123' title='bbox 946 1370 1070 1432; x_wconf 82' lang='lat' dir='ltr'><strong>rebelles.</strong></span> <span class='ocrx_word' id='word_1_124' title='bbox 1101 1309 1312 1449; x_wconf 55' lang='lat' dir='ltr'><strong>vufflens,</strong></span> 
     </span>
     <span class='ocr_line' id='line_1_15' title="bbox 213 1443 1311 1529; baseline -0.002 -23"><span class='ocrx_word' id='word_1_125' title='bbox 213 1447 315 1528; x_wconf 77' lang='lat' dir='ltr'><strong>quanti</strong></span> <span class='ocrx_word' id='word_1_126' title='bbox 332 1443 475 1506; x_wconf 77' lang='lat' dir='ltr'><strong>Dominus</strong></span> <span class='ocrx_word' id='word_1_127' title='bbox 493 1445 613 1506; x_wconf 81' lang='lat' dir='ltr'><strong>verbum</strong></span> <span class='ocrx_word' id='word_1_128' title='bbox 637 1467 723 1509; x_wconf 87' lang='lat' dir='ltr'><strong>suum</strong></span> <span class='ocrx_word' id='word_1_129' title='bbox 741 1447 839 1523; x_wconf 82' lang='lat' dir='ltr'><strong>iaciat,</strong></span> <span class='ocrx_word' id='word_1_130' title='bbox 870 1455 899 1513; x_wconf 86' lang='lat' dir='ltr'><strong>et</strong></span> <span class='ocrx_word' id='word_1_131' title='bbox 923 1469 1007 1529; x_wconf 74' lang='lat' dir='ltr'><strong>quam</strong></span> <span class='ocrx_word' id='word_1_132' title='bbox 1029 1454 1179 1511; x_wconf 73' lang='lat' dir='ltr'><strong>remeate:</strong></span> <span class='ocrx_word' id='word_1_133' title='bbox 1200 1447 1311 1506; x_wconf 83' lang='lat' dir='ltr'><strong>anobis</strong></span> 
     </span>
     <span class='ocr_line' id='line_1_16' title="bbox 213 1523 1312 1608; baseline 0.003 -22"><span class='ocrx_word' id='word_1_134' title='bbox 213 1525 318 1606; x_wconf 86' lang='lat' dir='ltr'><strong>suscipi</strong></span> <span class='ocrx_word' id='word_1_135' title='bbox 337 1525 414 1585; x_wconf 77' lang='lat' dir='ltr'><strong>velit.</strong></span> <span class='ocrx_word' id='word_1_136' title='bbox 454 1523 552 1603; x_wconf 84' lang='lat' dir='ltr'><strong>Quare</strong></span> <span class='ocrx_word' id='word_1_137' title='bbox 570 1545 607 1586; x_wconf 91' lang='lat' dir='ltr'><strong>ne</strong></span> <span class='ocrx_word' id='word_1_138' title='bbox 626 1529 773 1608; x_wconf 85' lang='lat' dir='ltr'><strong>gigantum</strong></span> <span class='ocrx_word' id='word_1_139' title='bbox 791 1529 881 1588; x_wconf 88' lang='lat' dir='ltr'><strong>instar</strong></span> <span class='ocrx_word' id='word_1_140' title='bbox 899 1547 967 1590; x_wconf 87' lang='lat' dir='ltr'><strong>cum</strong></span> <span class='ocrx_word' id='word_1_141' title='bbox 984 1527 1045 1590; x_wconf 90' lang='lat' dir='ltr'><strong>Deo</strong></span> <span class='ocrx_word' id='word_1_142' title='bbox 1062 1527 1164 1590; x_wconf 84' lang='lat' dir='ltr'><strong>bellam</strong></span> <span class='ocrx_word' id='word_1_143' title='bbox 1180 1546 1312 1607; x_wconf 65' lang='lat' dir='ltr'><strong>germ</strong></span> 
     </span>
     <span class='ocr_line' id='line_1_17' title="bbox 212 1600 1162 1690; baseline 0.001 -24"><span class='ocrx_word' id='word_1_144' title='bbox 212 1605 366 1681; x_wconf 78' lang='lat' dir='ltr'><strong>udnistms,</strong></span> <span class='ocrx_word' id='word_1_145' title='bbox 384 1623 509 1684; x_wconf 75' lang='lat' dir='ltr'><strong>quoram</strong></span> <span class='ocrx_word' id='word_1_146' title='bbox 527 1625 576 1665; x_wconf 85' lang='lat' dir='ltr'><strong>ore</strong></span> <span class='ocrx_word' id='word_1_147' title='bbox 595 1627 648 1666; x_wconf 90' lang='lat' dir='ltr'><strong>nos</strong></span> <span class='ocrx_word' id='word_1_148' title='bbox 668 1600 761 1677; x_wconf 78' lang='lat' dir='ltr'><strong>docet,</strong></span> <span class='ocrx_word' id='word_1_149' title='bbox 780 1607 921 1668; x_wconf 78' lang='lat' dir='ltr'><strong>discmnus</strong></span> <span class='ocrx_word' id='word_1_150' title='bbox 939 1609 1046 1690; x_wconf 81' lang='lat' dir='ltr'><strong>placide</strong></span> <span class='ocrx_word' id='word_1_151' title='bbox 1061 1608 1162 1668; x_wconf 77' lang='lat' dir='ltr'><strong>audire.</strong></span> 
     </span>
    </p>

    <p class='ocr_par' dir='ltr' id='par_1_3' title="bbox 211 1685 1316 2247">
     <span class='ocr_line' id='line_1_18' title="bbox 291 1685 1314 1780; baseline -0.005 -32"><span class='ocrx_word' id='word_1_152' title='bbox 291 1685 340 1748; x_wconf 75' lang='lat'><strong>52.</strong></span> <span class='ocrx_word' id='word_1_153' title='bbox 380 1691 472 1760; x_wconf 71' lang='lat' dir='ltr'><strong>osum</strong></span> <span class='ocrx_word' id='word_1_154' title='bbox 488 1689 706 1780; x_wconf 74' lang='lat' dir='ltr'><strong>propterea-om.</strong></span> <span class='ocrx_word' id='word_1_155' title='bbox 746 1685 845 1765; x_wconf 84' lang='lat' dir='ltr'><strong>Quum</strong></span> <span class='ocrx_word' id='word_1_156' title='bbox 864 1693 981 1768; x_wconf 88' lang='lat' dir='ltr'><strong>patrum</strong></span> <span class='ocrx_word' id='word_1_157' title='bbox 998 1689 1100 1748; x_wconf 84' lang='lat' dir='ltr'><strong>crimen</strong></span> <span class='ocrx_word' id='word_1_158' title='bbox 1117 1685 1248 1746; x_wconf 76' lang='lat' dir='ltr'><strong>anatinam</strong></span> <span class='ocrx_word' id='word_1_159' title='bbox 1262 1703 1314 1744; x_wconf 88' lang='lat' dir='ltr'><strong>aon</strong></span> 
     </span>
     <span class='ocr_line' id='line_1_19' title="bbox 212 1762 1314 1847; baseline -0.002 -22"><span class='ocrx_word' id='word_1_160' title='bbox 212 1762 347 1837; x_wconf 85' lang='lat' dir='ltr'><strong>debeant,</strong></span> <span class='ocrx_word' id='word_1_161' title='bbox 375 1764 488 1824; x_wconf 84' lang='lat' dir='ltr'><strong>videtur</strong></span> <span class='ocrx_word' id='word_1_162' title='bbox 510 1765 624 1844; x_wconf 68' lang='lat' dir='ltr'><strong>iniquus</strong></span> <span class='ocrx_word' id='word_1_163' title='bbox 647 1783 709 1826; x_wconf 89' lang='lat' dir='ltr'><strong>esse</strong></span> <span class='ocrx_word' id='word_1_164' title='bbox 727 1765 906 1847; x_wconf 78' lang='lat' dir='ltr'><strong>Stephanus,</strong></span> <span class='ocrx_word' id='word_1_165' title='bbox 934 1768 986 1847; x_wconf 88' lang='lat' dir='ltr'><strong>qui</strong></span> <span class='ocrx_word' id='word_1_166' title='bbox 1009 1768 1083 1826; x_wconf 89' lang='lat' dir='ltr'><strong>inter</strong></span> <span class='ocrx_word' id='word_1_167' title='bbox 1099 1785 1197 1826; x_wconf 86' lang='lat' dir='ltr'><strong>eornm</strong></span> <span class='ocrx_word' id='word_1_168' title='bbox 1214 1764 1314 1823; x_wconf 84' lang='lat' dir='ltr'><strong>erirniur</strong></span> 
     </span>
     <span class='ocr_line' id='line_1_20' title="bbox 212 1842 1313 1924; baseline -0.001 -23"><span class='ocrx_word' id='word_1_169' title='bbox 212 1863 287 1923; x_wconf 84' lang='lat' dir='ltr'><strong>quoa</strong></span> <span class='ocrx_word' id='word_1_170' title='bbox 305 1844 461 1924; x_wconf 83' lang='lat' dir='ltr'><strong>alloquitur</strong></span> <span class='ocrx_word' id='word_1_171' title='bbox 478 1843 533 1904; x_wconf 91' lang='lat' dir='ltr'><strong>hoc</strong></span> <span class='ocrx_word' id='word_1_172' title='bbox 551 1845 668 1906; x_wconf 80' lang='lat' dir='ltr'><strong>referat:</strong></span> <span class='ocrx_word' id='word_1_173' title='bbox 696 1865 796 1906; x_wconf 82' lang='lat' dir='ltr'><strong>verum</strong></span> <span class='ocrx_word' id='word_1_174' title='bbox 815 1847 903 1906; x_wconf 85' lang='lat' dir='ltr'><strong>instas</strong></span> <span class='ocrx_word' id='word_1_175' title='bbox 922 1865 1023 1908; x_wconf 79' lang='lat' dir='ltr'><strong>causas</strong></span> <span class='ocrx_word' id='word_1_176' title='bbox 1041 1844 1154 1920; x_wconf 87' lang='lat' dir='ltr'><strong>hahuit,</strong></span> <span class='ocrx_word' id='word_1_177' title='bbox 1176 1861 1225 1902; x_wconf 88' lang='lat' dir='ltr'><strong>cur</strong></span> <span class='ocrx_word' id='word_1_178' title='bbox 1240 1842 1267 1902; x_wconf 94' lang='lat' dir='ltr'><strong>id</strong></span> <span class='ocrx_word' id='word_1_179' title='bbox 1283 1842 1313 1900; x_wconf 89' lang='lat' dir='ltr'><strong>ia·</strong></span> 
     </span>
     <span class='ocr_line' id='line_1_21' title="bbox 212 1910 1314 2024; baseline 0 -42"><span class='ocrx_word' id='word_1_180' title='bbox 212 1910 298 1982; x_wconf 60' lang='lat' dir='ltr'><strong>eeretl</strong></span> <span class='ocrx_word' id='word_1_181' title='bbox 321 1919 480 2020; x_wconf 45' lang='lat' dir='ltr'><strong>trimum,</strong></span> <span class='ocrx_word' id='word_1_182' title='bbox 508 1925 576 2004; x_wconf 86' lang='lat' dir='ltr'><strong>qnia</strong></span> <span class='ocrx_word' id='word_1_183' title='bbox 600 1925 732 2022; x_wconf 44' lang='lat' dir='ltr'><strong>superbe·</strong></span> <span class='ocrx_word' id='word_1_184' title='bbox 742 1924 899 2022; x_wconf 68' lang='lat' dir='ltr'><strong>iaetpbant,</strong></span> <span class='ocrx_word' id='word_1_185' title='bbox 927 1945 960 2024; x_wconf 75' lang='lat' dir='ltr'><strong>ae</strong></span> <span class='ocrx_word' id='word_1_186' title='bbox 977 1925 1112 1987; x_wconf 77' lang='lat' dir='ltr'><strong>Abrahae</strong></span> <span class='ocrx_word' id='word_1_187' title='bbox 1130 1929 1251 2018; x_wconf 74' lang='lat' dir='ltr'><strong>muctam</strong></span> <span class='ocrx_word' id='word_1_188' title='bbox 1266 1941 1314 1982; x_wconf 87' lang='lat' dir='ltr'><strong>esse</strong></span> 
     </span>
     <span class='ocr_line' id='line_1_22' title="bbox 211 2005 1316 2174; baseline 0.001 -33"><span class='ocrx_word' id='word_1_189' title='bbox 211 2021 400 2143; x_wconf 63' lang='lat' dir='ltr'><strong>tttfmth</strong></span> <span class='ocrx_word' id='word_1_190' title='bbox 418 2006 745 2164; x_wconf 46' lang='lat' dir='ltr'><strong>hildewini?</strong></span> <span class='ocrx_word' id='word_1_191' title='bbox 759 2007 824 2146; x_wconf 76' lang='lat' dir='ltr'><strong>tt·</strong></span> <span class='ocrx_word' id='word_1_192' title='bbox 841 2005 979 2146; x_wconf 64' lang='lat' dir='ltr'><strong>titt.</strong></span> <span class='ocrx_word' id='word_1_193' title='bbox 998 2013 1106 2166; x_wconf 63' lang='lat' dir='ltr'><strong>‘itt&#39;</strong></span> <span class='ocrx_word' id='word_1_194' title='bbox 1117 2011 1202 2144; x_wconf 62' lang='lat'><strong>33⁰²..</strong></span> <span class='ocrx_word' id='word_1_195' title='bbox 1214 2009 1316 2174; x_wconf 56' lang='lat' dir='ltr'><strong>isli</strong></span> 
     </span>
     <span class='ocr_line' id='line_1_23' title="bbox 211 2160 1315 2247; baseline -0.004 -25"><span class='ocrx_word' id='word_1_196' title='bbox 211 2181 303 2242; x_wconf 84' lang='lat' dir='ltr'><strong>quum</strong></span> <span class='ocrx_word' id='word_1_197' title='bbox 322 2182 360 2223; x_wconf 82' lang='lat' dir='ltr'><strong>ex</strong></span> <span class='ocrx_word' id='word_1_198' title='bbox 379 2164 474 2243; x_wconf 87' lang='lat' dir='ltr'><strong>impiis</strong></span> <span class='ocrx_word' id='word_1_199' title='bbox 492 2161 700 2244; x_wconf 84' lang='lat' dir='ltr'><strong>Prophetarum</strong></span> <span class='ocrx_word' id='word_1_200' title='bbox 720 2164 893 2225; x_wconf 86' lang='lat' dir='ltr'><strong>occisoribus</strong></span> <span class='ocrx_word' id='word_1_201' title='bbox 916 2165 973 2226; x_wconf 90' lang='lat' dir='ltr'><strong>sint</strong></span> <span class='ocrx_word' id='word_1_202' title='bbox 995 2165 1148 2247; x_wconf 89' lang='lat' dir='ltr'><strong>progeniti.</strong></span> <span class='ocrx_word' id='word_1_203' title='bbox 1196 2161 1237 2222; x_wconf 85' lang='lat' dir='ltr'><strong>lta</strong></span> <span class='ocrx_word' id='word_1_204' title='bbox 1262 2160 1315 2219; x_wconf 70' lang='lat' dir='ltr'><strong>obla</strong></span> 
     </span>
    </p>
   </div>
   <div class='ocr_carea' id='block_1_3' title="bbox 110 2239 1315 2326">
    <p class='ocr_par' dir='ltr' id='par_1_4' title="bbox 110 2239 1315 2326">
     <span class='ocr_line' id='line_1_24' title="bbox 110 2239 1315 2326; baseline -0.003 -24"><span class='ocrx_word' id='word_1_205' title='bbox 110 2251 116 2260; x_wconf 89' lang='lat'>&#39;</span> <span class='ocrx_word' id='word_1_206' title='bbox 210 2259 267 2321; x_wconf 88' lang='lat' dir='ltr'><strong>qne</strong></span> <span class='ocrx_word' id='word_1_207' title='bbox 286 2243 457 2322; x_wconf 76' lang='lat' dir='ltr'><strong>postringit,</strong></span> <span class='ocrx_word' id='word_1_208' title='bbox 477 2243 554 2322; x_wconf 77' lang='lat' dir='ltr'><strong>qued</strong></span> <span class='ocrx_word' id='word_1_209' title='bbox 574 2245 699 2324; x_wconf 88' lang='lat' dir='ltr'><strong>apertius</strong></span> <span class='ocrx_word' id='word_1_210' title='bbox 717 2244 793 2324; x_wconf 88' lang='lat' dir='ltr'><strong>apud</strong></span> <span class='ocrx_word' id='word_1_211' title='bbox 807 2243 965 2326; x_wconf 87' lang='lat' dir='ltr'><strong>Prophetas</strong></span> <span class='ocrx_word' id='word_1_212' title='bbox 984 2246 1121 2318; x_wconf 79' lang='lat' dir='ltr'><strong>occurrit,</strong></span> <span class='ocrx_word' id='word_1_213' title='bbox 1142 2239 1315 2320; x_wconf 82' lang='lat' dir='ltr'><strong>nouPrephe</strong></span> 
     </span>
    </p>
   </div>
   <div class='ocr_carea' id='block_1_4' title="bbox 208 2318 1352 2562">
    <p class='ocr_par' dir='ltr' id='par_1_5' title="bbox 208 2318 1352 2562">
     <span class='ocr_line' id='line_1_25' title="bbox 209 2318 1317 2406; baseline -0.002 -26"><span class='ocrx_word' id='word_1_214' title='bbox 209 2326 305 2380; x_wconf 88' lang='lat' dir='ltr'><strong>taram</strong></span> <span class='ocrx_word' id='word_1_215' title='bbox 333 2340 395 2382; x_wconf 88' lang='lat' dir='ltr'><strong>esse</strong></span> <span class='ocrx_word' id='word_1_216' title='bbox 422 2321 498 2381; x_wconf 90' lang='lat' dir='ltr'><strong>filios</strong></span> <span class='ocrx_word' id='word_1_217' title='bbox 522 2321 572 2384; x_wconf 86' lang='lat' dir='ltr'><strong>sed</strong></span> <span class='ocrx_word' id='word_1_218' title='bbox 598 2323 615 2381; x_wconf 90' lang='lat' dir='ltr'><strong>d</strong></span> <span class='ocrx_word' id='word_1_219' title='bbox 686 2343 762 2384; x_wconf 84' lang='lat' dir='ltr'><strong>erem</strong></span> <span class='ocrx_word' id='word_1_220' title='bbox 787 2342 822 2383; x_wconf 93' lang='lat' dir='ltr'><strong>ac</strong></span> <span class='ocrx_word' id='word_1_221' title='bbox 844 2325 970 2406; x_wconf 85' lang='lat' dir='ltr'><strong>spuriam</strong></span> <span class='ocrx_word' id='word_1_222' title='bbox 992 2323 1142 2396; x_wconf 86' lang='lat' dir='ltr'><strong>sobolem,</strong></span> <span class='ocrx_word' id='word_1_223' title='bbox 1171 2341 1261 2382; x_wconf 85' lang='lat' dir='ltr'><strong>semea</strong></span> <span class='ocrx_word' id='word_1_224' title='bbox 1277 2318 1317 2378; x_wconf 86' lang='lat' dir='ltr'><strong>Ca·</strong></span> 
     </span>
     <span class='ocr_line' id='line_1_26' title="bbox 208 2400 1317 2483; baseline -0.005 -21"><span class='ocrx_word' id='word_1_225' title='bbox 208 2417 283 2462; x_wconf 82' lang='lat' dir='ltr'><strong>naen</strong></span> <span class='ocrx_word' id='word_1_226' title='bbox 302 2407 371 2462; x_wconf 78' lang='lat' dir='ltr'><strong>etc:</strong></span> <span class='ocrx_word' id='word_1_227' title='bbox 412 2401 470 2468; x_wconf 85' lang='lat' dir='ltr'><strong>uod</strong></span> <span class='ocrx_word' id='word_1_228' title='bbox 487 2401 563 2462; x_wconf 90' lang='lat' dir='ltr'><strong>idem</strong></span> <span class='ocrx_word' id='word_1_229' title='bbox 583 2400 603 2462; x_wconf 92' lang='lat' dir='ltr'><strong>h</strong></span> <span class='ocrx_word' id='word_1_230' title='bbox 643 2403 668 2462; x_wconf 91' lang='lat' dir='ltr'><strong>&#39;e</strong></span> <span class='ocrx_word' id='word_1_231' title='bbox 686 2401 860 2483; x_wconf 83' lang='lat' dir='ltr'><strong>inPapistas</strong></span> <span class='ocrx_word' id='word_1_232' title='bbox 874 2403 979 2464; x_wconf 82' lang='lat' dir='ltr'><strong>reterre</strong></span> <span class='ocrx_word' id='word_1_233' title='bbox 997 2405 1073 2479; x_wconf 87' lang='lat' dir='ltr'><strong>lieet,</strong></span> <span class='ocrx_word' id='word_1_234' title='bbox 1094 2403 1147 2464; x_wconf 90' lang='lat' dir='ltr'><strong>uhi</strong></span> <span class='ocrx_word' id='word_1_235' title='bbox 1166 2421 1231 2462; x_wconf 87' lang='lat' dir='ltr'><strong>suos</strong></span> <span class='ocrx_word' id='word_1_236' title='bbox 1242 2407 1317 2480; x_wconf 77' lang='lat' dir='ltr'><strong>patres</strong></span> 
     </span>
     <span class='ocr_line' id='line_1_27' title="bbox 208 2423 1352 2562; baseline -0.005 -20"><span class='ocrx_word' id='word_1_237' title='bbox 208 2480 357 2561; x_wconf 81' lang='lat' dir='ltr'><strong>magnifice</strong></span> <span class='ocrx_word' id='word_1_238' title='bbox 376 2423 506 2542; x_wconf 66' lang='lat' dir='ltr'><strong>clerani.</strong></span> <span class='ocrx_word' id='word_1_239' title='bbox 554 2479 666 2544; x_wconf 86' lang='lat' dir='ltr'><strong>Deinde</strong></span> <span class='ocrx_word' id='word_1_240' title='bbox 684 2481 742 2542; x_wconf 87' lang='lat' dir='ltr'><strong>hoe</strong></span> <span class='ocrx_word' id='word_1_241' title='bbox 759 2481 794 2542; x_wconf 88' lang='lat' dir='ltr'><strong>ad</strong></span> <span class='ocrx_word' id='word_1_242' title='bbox 814 2483 1062 2562; x_wconf 85' lang='lat' dir='ltr'><strong>amplificationem</strong></span> <span class='ocrx_word' id='word_1_243' title='bbox 1080 2483 1180 2556; x_wconf 83' lang='lat' dir='ltr'><strong>valet,</strong></span> <span class='ocrx_word' id='word_1_244' title='bbox 1203 2479 1275 2562; x_wconf 86' lang='lat' dir='ltr'><strong>quod</strong></span> <span class='ocrx_word' id='word_1_245' title='bbox 1290 2477 1317 2536; x_wconf 88' lang='lat' dir='ltr'><strong>di·</strong></span> <span class='ocrx_word' id='word_1_246' title='bbox 1351 2489 1352 2498; x_wconf 57' lang='lat'>¹</span> 
     </span>
    </p>
   </div>
   <div class='ocr_carea' id='block_1_5' title="bbox 209 2559 1352 2702">
    <p class='ocr_par' dir='ltr' id='par_1_6' title="bbox 209 2559 1352 2702">
     <span class='ocr_line' id='line_1_28' title="bbox 209 2559 1352 2702; baseline -0.001 -84"><span class='ocrx_word' id='word_1_247' title='bbox 209 2559 250 2619; x_wconf 87' lang='lat' dir='ltr'><strong>eit</strong></span> <span class='ocrx_word' id='word_1_248' title='bbox 268 2579 326 2621; x_wconf 91' lang='lat' dir='ltr'><strong>non</strong></span> <span class='ocrx_word' id='word_1_249' title='bbox 344 2559 401 2620; x_wconf 88' lang='lat' dir='ltr'><strong>illis</strong></span> <span class='ocrx_word' id='word_1_250' title='bbox 420 2579 527 2622; x_wconf 82' lang='lat' dir='ltr'><strong>novum</strong></span> <span class='ocrx_word' id='word_1_251' title='bbox 546 2579 610 2622; x_wconf 88' lang='lat' dir='ltr'><strong>esse</strong></span> <span class='ocrx_word' id='word_1_252' title='bbox 629 2567 661 2620; x_wconf 90' lang='lat' dir='ltr'><strong>ut</strong></span> <span class='ocrx_word' id='word_1_253' title='bbox 679 2563 790 2621; x_wconf 83' lang='lat' dir='ltr'><strong>veritati</strong></span> <span class='ocrx_word' id='word_1_254' title='bbox 809 2569 983 2702; x_wconf 55' lang='lat' dir='ltr'><strong>repuffipt,</strong></span> <span class='ocrx_word' id='word_1_255' title='bbox 1008 2563 1060 2622; x_wconf 86' lang='lat' dir='ltr'><strong>sed</strong></span> <span class='ocrx_word' id='word_1_256' title='bbox 1078 2563 1168 2642; x_wconf 84' lang='lat' dir='ltr'><strong>quasi</strong></span> <span class='ocrx_word' id='word_1_257' title='bbox 1187 2559 1316 2621; x_wconf 77' lang='lat' dir='ltr'><strong>haeredita</strong></span> <span class='ocrx_word' id='word_1_258' title='bbox 1351 2563 1352 2570; x_wconf 76' lang='grc'>’</span> 
     </span>
    </p>
   </div>
   <div class='ocr_carea' id='block_1_6' title="bbox 145 2635 1329 4470">
    <p class='ocr_par' dir='ltr' id='par_1_7' title="bbox 205 2635 1322 3513">
     <span class='ocr_line' id='line_1_29' title="bbox 207 2635 1318 2804; baseline 0.003 -27"><span class='ocrx_word' id='word_1_259' title='bbox 207 2657 281 2778; x_wconf 74' lang='lat' dir='ltr'><strong>:tt</strong></span> <span class='ocrx_word' id='word_1_260' title='bbox 294 2639 574 2800; x_wconf 64' lang='lat' dir='ltr'><strong>tt&#39;nttttt’</strong></span> <span class='ocrx_word' id='word_1_261' title='bbox 587 2640 950 2800; x_wconf 50' lang='lat' dir='ltr'><strong>riiiirdllissihlq..</strong></span> <span class='ocrx_word' id='word_1_262' title='bbox 973 2635 1318 2804; x_wconf 57' lang='lat' dir='ltr'><strong>,i&#39;ffl‘sffi</strong></span> 
     </span>
     <span class='ocr_line' id='line_1_30' title="bbox 207 2793 1319 2882; baseline 0.003 -24"><span class='ocrx_word' id='word_1_263' title='bbox 207 2795 278 2858; x_wconf 82' lang='lat' dir='ltr'><strong>Erat</strong></span> <span class='ocrx_word' id='word_1_264' title='bbox 300 2797 446 2876; x_wconf 86' lang='lat' dir='ltr'><strong>indiguum</strong></span> <span class='ocrx_word' id='word_1_265' title='bbox 461 2795 522 2858; x_wconf 87' lang='lat' dir='ltr'><strong>hoc</strong></span> <span class='ocrx_word' id='word_1_266' title='bbox 540 2797 741 2878; x_wconf 86' lang='lat' dir='ltr'><strong>praeiudicium</strong></span> <span class='ocrx_word' id='word_1_267' title='bbox 760 2806 858 2860; x_wconf 88' lang='lat' dir='ltr'><strong>contra</strong></span> <span class='ocrx_word' id='word_1_268' title='bbox 878 2799 1024 2882; x_wconf 71' lang='lat' dir='ltr'><strong>Evangelii</strong></span> <span class='ocrx_word' id='word_1_269' title='bbox 1052 2799 1235 2873; x_wconf 81' lang='lat' dir='ltr'><strong>doctrinam,</strong></span> <span class='ocrx_word' id='word_1_270' title='bbox 1259 2793 1319 2876; x_wconf 69' lang='lat' dir='ltr'><strong>quai</strong></span> 
     </span>
     <span class='ocr_line' id='line_1_31' title="bbox 207 2873 1320 2960; baseline 0 -22"><span class='ocrx_word' id='word_1_271' title='bbox 207 2897 239 2938; x_wconf 93' lang='lat' dir='ltr'><strong>ae</strong></span> <span class='ocrx_word' id='word_1_272' title='bbox 258 2873 315 2936; x_wconf 89' lang='lat' dir='ltr'><strong>Dei</strong></span> <span class='ocrx_word' id='word_1_273' title='bbox 333 2873 490 2936; x_wconf 80' lang='lat' dir='ltr'><strong>Ecclesiam</strong></span> <span class='ocrx_word' id='word_1_274' title='bbox 508 2895 571 2936; x_wconf 85' lang='lat' dir='ltr'><strong>esse</strong></span> <span class='ocrx_word' id='word_1_275' title='bbox 589 2875 796 2958; x_wconf 72' lang='lat' dir='ltr'><strong>gloriabantur,</strong></span> <span class='ocrx_word' id='word_1_276' title='bbox 825 2879 960 2960; x_wconf 84' lang='lat' dir='ltr'><strong>huncque</strong></span> <span class='ocrx_word' id='word_1_277' title='bbox 982 2880 1099 2942; x_wconf 86' lang='lat' dir='ltr'><strong>titulum</strong></span> <span class='ocrx_word' id='word_1_278' title='bbox 1125 2879 1184 2941; x_wconf 90' lang='lat' dir='ltr'><strong>sihi</strong></span> <span class='ocrx_word' id='word_1_279' title='bbox 1202 2899 1240 2940; x_wconf 81' lang='lat' dir='ltr'><strong>ex</strong></span> <span class='ocrx_word' id='word_1_280' title='bbox 1256 2879 1320 2955; x_wconf 73' lang='lat' dir='ltr'><strong>longa</strong></span> 
     </span>
     <span class='ocr_line' id='line_1_32' title="bbox 208 2955 1320 3040; baseline -0.002 -23"><span class='ocrx_word' id='word_1_281' title='bbox 208 2955 385 3018; x_wconf 87' lang='lat' dir='ltr'><strong>successione</strong></span> <span class='ocrx_word' id='word_1_282' title='bbox 409 2955 586 3037; x_wconf 77' lang='lat' dir='ltr'><strong>arrogabant.</strong></span> <span class='ocrx_word' id='word_1_283' title='bbox 629 2955 794 3038; x_wconf 86' lang='lat' dir='ltr'><strong>Stephanus</strong></span> <span class='ocrx_word' id='word_1_284' title='bbox 817 2977 885 3040; x_wconf 88' lang='lat' dir='ltr'><strong>ergo</strong></span> <span class='ocrx_word' id='word_1_285' title='bbox 905 2967 1006 3020; x_wconf 89' lang='lat' dir='ltr'><strong>contra</strong></span> <span class='ocrx_word' id='word_1_286' title='bbox 1023 2959 1156 3020; x_wconf 82' lang='lat' dir='ltr'><strong>occunit</strong></span> <span class='ocrx_word' id='word_1_287' title='bbox 1175 2978 1210 3020; x_wconf 83' lang='lat' dir='ltr'><strong>ac</strong></span> <span class='ocrx_word' id='word_1_288' title='bbox 1227 2959 1320 3018; x_wconf 77' lang='lat' dir='ltr'><strong>denen</strong></span> 
     </span>
     <span class='ocr_line' id='line_1_33' title="bbox 207 3037 1321 3122; baseline 0.001 -24"><span class='ocrx_word' id='word_1_289' title='bbox 207 3042 292 3108; x_wconf 84' lang='lat' dir='ltr'><strong>strat,</strong></span> <span class='ocrx_word' id='word_1_290' title='bbox 320 3041 416 3116; x_wconf 85' lang='lat' dir='ltr'><strong>patres</strong></span> <span class='ocrx_word' id='word_1_291' title='bbox 439 3053 540 3096; x_wconf 91' lang='lat' dir='ltr'><strong>eorum</strong></span> <span class='ocrx_word' id='word_1_292' title='bbox 563 3055 622 3096; x_wconf 90' lang='lat' dir='ltr'><strong>non</strong></span> <span class='ocrx_word' id='word_1_293' title='bbox 645 3039 739 3098; x_wconf 89' lang='lat' dir='ltr'><strong>minus</strong></span> <span class='ocrx_word' id='word_1_294' title='bbox 763 3058 849 3117; x_wconf 86' lang='lat' dir='ltr'><strong>quarn</strong></span> <span class='ocrx_word' id='word_1_295' title='bbox 874 3040 952 3120; x_wconf 87' lang='lat' dir='ltr'><strong>ipsos</strong></span> <span class='ocrx_word' id='word_1_296' title='bbox 974 3041 1063 3122; x_wconf 89' lang='lat' dir='ltr'><strong>impio</strong></span> <span class='ocrx_word' id='word_1_297' title='bbox 1088 3057 1181 3100; x_wconf 85' lang='lat' dir='ltr'><strong>sanae</strong></span> <span class='ocrx_word' id='word_1_298' title='bbox 1201 3037 1321 3118; x_wconf 65' lang='lat' dir='ltr'><strong>doctrinas</strong></span> 
     </span>
     <span class='ocr_line' id='line_1_34' title="bbox 207 3114 1321 3198; baseline 0 -22"><span class='ocrx_word' id='word_1_299' title='bbox 207 3121 319 3176; x_wconf 85' lang='lat' dir='ltr'><strong>contem</strong></span> <span class='ocrx_word' id='word_1_300' title='bbox 339 3121 373 3176; x_wconf 91' lang='lat' dir='ltr'><strong>tu</strong></span> <span class='ocrx_word' id='word_1_301' title='bbox 392 3119 422 3175; x_wconf 90' lang='lat' dir='ltr'><strong>et</strong></span> <span class='ocrx_word' id='word_1_302' title='bbox 441 3114 507 3176; x_wconf 93' lang='lat' dir='ltr'><strong>odio</strong></span> <span class='ocrx_word' id='word_1_303' title='bbox 526 3115 662 3176; x_wconf 86' lang='lat' dir='ltr'><strong>adversus</strong></span> <span class='ocrx_word' id='word_1_304' title='bbox 671 3115 829 3198; x_wconf 87' lang='lat' dir='ltr'><strong>Prophetas</strong></span> <span class='ocrx_word' id='word_1_305' title='bbox 849 3119 1005 3178; x_wconf 82' lang='lat' dir='ltr'><strong>insaniisse.</strong></span> <span class='ocrx_word' id='word_1_306' title='bbox 1035 3115 1195 3178; x_wconf 82' lang='lat' dir='ltr'><strong>Postremo</strong></span> <span class='ocrx_word' id='word_1_307' title='bbox 1214 3119 1258 3177; x_wconf 86' lang='lat' dir='ltr'><strong>hie</strong></span> <span class='ocrx_word' id='word_1_308' title='bbox 1273 3134 1321 3195; x_wconf 82' lang='lat' dir='ltr'><strong>per·</strong></span> 
     </span>
     <span class='ocr_line' id='line_1_35' title="bbox 207 3135 1321 3290; baseline 0.004 -35"><span class='ocrx_word' id='word_1_309' title='bbox 207 3202 311 3290; x_wconf 85' lang='lat' dir='ltr'><strong>petnus</strong></span> <span class='ocrx_word' id='word_1_310' title='bbox 320 3135 484 3276; x_wconf 53' lang='lat' dir='ltr'><strong>§sripturae</strong></span> <span class='ocrx_word' id='word_1_311' title='bbox 502 3214 567 3256; x_wconf 88' lang='lat' dir='ltr'><strong>mos</strong></span> <span class='ocrx_word' id='word_1_312' title='bbox 586 3203 638 3270; x_wconf 86' lang='lat' dir='ltr'><strong>est,</strong></span> <span class='ocrx_word' id='word_1_313' title='bbox 657 3195 732 3256; x_wconf 86' lang='lat' dir='ltr'><strong>lilios</strong></span> <span class='ocrx_word' id='word_1_314' title='bbox 750 3196 787 3256; x_wconf 90' lang='lat' dir='ltr'><strong>ad</strong></span> <span class='ocrx_word' id='word_1_315' title='bbox 806 3205 921 3278; x_wconf 87' lang='lat' dir='ltr'><strong>patrum</strong></span> <span class='ocrx_word' id='word_1_316' title='bbox 940 3204 1051 3258; x_wconf 80' lang='lat' dir='ltr'><strong>reatum</strong></span> <span class='ocrx_word' id='word_1_317' title='bbox 1179 3207 1182 3212; x_wconf 87' lang='lat'>&#39;</span> <span class='ocrx_word' id='word_1_318' title='bbox 1251 3211 1321 3276; x_wconf 70' lang='lat' dir='ltr'><strong>qm</strong></span> 
     </span>
     <span class='ocr_line' id='line_1_36' title="bbox 206 3215 1321 3358; baseline 0.004 -25"><span class='ocrx_word' id='word_1_319' title='bbox 206 3275 307 3334; x_wconf 76' lang='lat' dir='ltr'><strong>iisdem</strong></span> <span class='ocrx_word' id='word_1_320' title='bbox 330 3274 481 3336; x_wconf 85' lang='lat' dir='ltr'><strong>sceleribus</strong></span> <span class='ocrx_word' id='word_1_321' title='bbox 505 3293 536 3334; x_wconf 87' lang='lat' dir='ltr'><strong>se</strong></span> <span class='ocrx_word' id='word_1_322' title='bbox 560 3273 750 3354; x_wconf 85' lang='lat' dir='ltr'><strong>obstringunt,</strong></span> <span class='ocrx_word' id='word_1_323' title='bbox 780 3295 814 3335; x_wconf 89' lang='lat' dir='ltr'><strong>ao</strong></span> <span class='ocrx_word' id='word_1_324' title='bbox 837 3277 991 3358; x_wconf 78' lang='lat' dir='ltr'><strong>respondet</strong></span> <span class='ocrx_word' id='word_1_325' title='bbox 1009 3215 1260 3338; x_wconf 54' lang='lat' dir='ltr'><strong>celebgrffi</strong></span> <span class='ocrx_word' id='word_1_326' title='bbox 1276 3293 1321 3332; x_wconf 73' lang='lat' dir='ltr'><strong>aar</strong></span> 
     </span>
     <span class='ocr_line' id='line_1_37' title="bbox 205 3351 1322 3438; baseline 0.001 -26"><span class='ocrx_word' id='word_1_327' title='bbox 205 3353 303 3430; x_wconf 85' lang='lat' dir='ltr'><strong>tentia,</strong></span> <span class='ocrx_word' id='word_1_328' title='bbox 322 3351 365 3413; x_wconf 92' lang='lat' dir='ltr'><strong>lm</strong></span> <span class='ocrx_word' id='word_1_329' title='bbox 384 3353 441 3414; x_wconf 89' lang='lat' dir='ltr'><strong>lete</strong></span> <span class='ocrx_word' id='word_1_330' title='bbox 459 3365 622 3414; x_wconf 81' lang='lat' dir='ltr'><strong>mensuram</strong></span> <span class='ocrx_word' id='word_1_331' title='bbox 631 3353 759 3430; x_wconf 78' lang='lat' dir='ltr'><strong>Petrum,</strong></span> <span class='ocrx_word' id='word_1_332' title='bbox 779 3356 870 3417; x_wconf 90' lang='lat' dir='ltr'><strong>donec</strong></span> <span class='ocrx_word' id='word_1_333' title='bbox 888 3357 985 3418; x_wconf 86' lang='lat' dir='ltr'><strong>veniat</strong></span> <span class='ocrx_word' id='word_1_334' title='bbox 1003 3358 1120 3438; x_wconf 87' lang='lat' dir='ltr'><strong>sanguis</strong></span> <span class='ocrx_word' id='word_1_335' title='bbox 1141 3357 1237 3418; x_wconf 86' lang='lat' dir='ltr'><strong>iustus</strong></span> <span class='ocrx_word' id='word_1_336' title='bbox 1255 3369 1322 3432; x_wconf 70' lang='lat' dir='ltr'><strong>sape</strong></span> 
     </span>
     <span class='ocr_line' id='line_1_38' title="bbox 206 3374 918 3513; baseline 0.007 -22"><span class='ocrx_word' id='word_1_337' title='bbox 206 3451 260 3493; x_wconf 84' lang='lat' dir='ltr'><strong>vos</strong></span> <span class='ocrx_word' id='word_1_338' title='bbox 278 3431 316 3491; x_wconf 88' lang='lat' dir='ltr'><strong>ah</strong></span> <span class='ocrx_word' id='word_1_339' title='bbox 335 3374 409 3492; x_wconf 75' lang='lat' dir='ltr'><strong>Ales</strong></span> <span class='ocrx_word' id='word_1_340' title='bbox 428 3433 574 3513; x_wconf 86' lang='lat' dir='ltr'><strong>usquead</strong></span> <span class='ocrx_word' id='word_1_341' title='bbox 593 3432 768 3495; x_wconf 83' lang='lat' dir='ltr'><strong>Zachariam.</strong></span> <span class='ocrx_word' id='word_1_342' title='bbox 916 3439 918 3444; x_wconf 77' lang='grc'><strong>“</strong></span> 
     </span>
    </p>

    <p class='ocr_par' dir='ltr' id='par_1_8' title="bbox 170 3510 1325 4154">
     <span class='ocr_line' id='line_1_39' title="bbox 288 3510 1323 3595; baseline -0.003 -22"><span class='ocrx_word' id='word_1_343' title='bbox 288 3517 348 3588; x_wconf 78' lang='lat' dir='ltr'><strong>Qut</strong></span> <span class='ocrx_word' id='word_1_344' title='bbox 364 3521 622 3592; x_wconf 63' lang='lat' dir='ltr'><strong>prementum.</strong></span> <span class='ocrx_word' id='word_1_345' title='bbox 661 3512 736 3574; x_wconf 87' lang='lat' dir='ltr'><strong>Hine</strong></span> <span class='ocrx_word' id='word_1_346' title='bbox 759 3513 919 3595; x_wconf 86' lang='lat' dir='ltr'><strong>colligimus</strong></span> <span class='ocrx_word' id='word_1_347' title='bbox 938 3516 1060 3576; x_wconf 87' lang='lat' dir='ltr'><strong>intentos</strong></span> <span class='ocrx_word' id='word_1_348' title='bbox 1079 3513 1140 3576; x_wconf 88' lang='lat' dir='ltr'><strong>hnc</strong></span> <span class='ocrx_word' id='word_1_349' title='bbox 1161 3514 1252 3576; x_wconf 74' lang='lat' dir='ltr'><strong>futes</strong></span> <span class='ocrx_word' id='word_1_350' title='bbox 1270 3510 1323 3570; x_wconf 75' lang='lat' dir='ltr'><strong>Pro</strong></span> 
     </span>
     <span class='ocr_line' id='line_1_40' title="bbox 206 3589 1323 3674; baseline 0.001 -24"><span class='ocrx_word' id='word_1_351' title='bbox 206 3589 307 3672; x_wconf 86' lang='lat' dir='ltr'><strong>phetas</strong></span> <span class='ocrx_word' id='word_1_352' title='bbox 327 3611 441 3660; x_wconf 91' lang='lat' dir='ltr'><strong>omnes,</strong></span> <span class='ocrx_word' id='word_1_353' title='bbox 465 3598 497 3652; x_wconf 91' lang='lat' dir='ltr'><strong>nt</strong></span> <span class='ocrx_word' id='word_1_354' title='bbox 538 3598 632 3652; x_wconf 89' lang='lat' dir='ltr'><strong>entem</strong></span> <span class='ocrx_word' id='word_1_355' title='bbox 656 3611 737 3652; x_wconf 89' lang='lat' dir='ltr'><strong>suam</strong></span> <span class='ocrx_word' id='word_1_356' title='bbox 757 3593 793 3652; x_wconf 90' lang='lat' dir='ltr'><strong>ad</strong></span> <span class='ocrx_word' id='word_1_357' title='bbox 814 3595 960 3656; x_wconf 80' lang='lat' dir='ltr'><strong>Christum</strong></span> <span class='ocrx_word' id='word_1_358' title='bbox 980 3595 1148 3674; x_wconf 80' lang='lat' dir='ltr'><strong>dirigerent,</strong></span> <span class='ocrx_word' id='word_1_359' title='bbox 1176 3594 1261 3654; x_wconf 81' lang='lat' dir='ltr'><strong>aienti</strong></span> <span class='ocrx_word' id='word_1_360' title='bbox 1277 3592 1323 3672; x_wconf 75' lang='lat' dir='ltr'><strong>ipse</strong></span> 
     </span>
     <span class='ocr_line' id='line_1_41' title="bbox 207 3613 1323 3755; baseline 0.002 -25"><span class='ocrx_word' id='word_1_361' title='bbox 207 3677 251 3730; x_wconf 85' lang='lat' dir='ltr'><strong>est</strong></span> <span class='ocrx_word' id='word_1_362' title='bbox 275 3669 340 3729; x_wconf 89' lang='lat' dir='ltr'><strong>linis</strong></span> <span class='ocrx_word' id='word_1_363' title='bbox 364 3669 405 3731; x_wconf 86' lang='lat' dir='ltr'><strong>Le</strong></span> <span class='ocrx_word' id='word_1_364' title='bbox 425 3672 457 3730; x_wconf 88' lang='lat' dir='ltr'><strong>is.</strong></span> <span class='ocrx_word' id='word_1_365' title='bbox 505 3613 675 3752; x_wconf 57' lang='lat' dir='ltr'><strong>lbophetias</strong></span> <span class='ocrx_word' id='word_1_366' title='bbox 700 3691 814 3746; x_wconf 88' lang='lat' dir='ltr'><strong>omnes,</strong></span> <span class='ocrx_word' id='word_1_367' title='bbox 843 3673 946 3754; x_wconf 87' lang='lat' dir='ltr'><strong>quibus</strong></span> <span class='ocrx_word' id='word_1_368' title='bbox 970 3673 1131 3755; x_wconf 85' lang='lat' dir='ltr'><strong>praedictus</strong></span> <span class='ocrx_word' id='word_1_369' title='bbox 1157 3674 1217 3734; x_wconf 82' lang='lat' dir='ltr'><strong>suit</strong></span> <span class='ocrx_word' id='word_1_370' title='bbox 1236 3669 1323 3732; x_wconf 78' lang='lat' dir='ltr'><strong>Christi</strong></span> 
     </span>
     <span class='ocr_line' id='line_1_42' title="bbox 207 3693 1322 3834; baseline 0.004 -24"><span class='ocrx_word' id='word_1_371' title='bbox 207 3749 355 3824; x_wconf 15' lang='lat' dir='ltr'><strong>atvertus,</strong></span> <span class='ocrx_word' id='word_1_372' title='bbox 375 3693 515 3830; x_wconf 81' lang='lat' dir='ltr'><strong>colligere,</strong></span> <span class='ocrx_word' id='word_1_373' title='bbox 533 3750 617 3808; x_wconf 88' lang='lat' dir='ltr'><strong>nimis</strong></span> <span class='ocrx_word' id='word_1_374' title='bbox 631 3750 750 3830; x_wconf 87' lang='lat' dir='ltr'><strong>longum</strong></span> <span class='ocrx_word' id='word_1_375' title='bbox 770 3759 852 3812; x_wconf 87' lang='lat' dir='ltr'><strong>esset.</strong></span> <span class='ocrx_word' id='word_1_376' title='bbox 891 3751 955 3814; x_wconf 87' lang='lat' dir='ltr'><strong>Hoc</strong></span> <span class='ocrx_word' id='word_1_377' title='bbox 974 3753 1143 3834; x_wconf 85' lang='lat' dir='ltr'><strong>generaliter</strong></span> <span class='ocrx_word' id='word_1_378' title='bbox 1163 3760 1264 3814; x_wconf 78' lang='lat' dir='ltr'><strong>tenere</strong></span> <span class='ocrx_word' id='word_1_379' title='bbox 1281 3745 1322 3808; x_wconf 61' lang='grc' dir='ltr'><strong>πῖ·</strong></span> 
     </span>
     <span class='ocr_line' id='line_1_43' title="bbox 206 3827 1311 3910; baseline 0.005 -20"><span class='ocrx_word' id='word_1_380' title='bbox 206 3829 293 3902; x_wconf 86' lang='lat' dir='ltr'><strong>liciat,</strong></span> <span class='ocrx_word' id='word_1_381' title='bbox 312 3848 463 3890; x_wconf 88' lang='lat' dir='ltr'><strong>commune</strong></span> <span class='ocrx_word' id='word_1_382' title='bbox 482 3829 569 3889; x_wconf 83' lang='lat' dir='ltr'><strong>tuisse</strong></span> <span class='ocrx_word' id='word_1_383' title='bbox 588 3827 739 3910; x_wconf 86' lang='lat' dir='ltr'><strong>Prophetis</strong></span> <span class='ocrx_word' id='word_1_384' title='bbox 759 3829 894 3906; x_wconf 87' lang='lat' dir='ltr'><strong>officium,</strong></span> <span class='ocrx_word' id='word_1_385' title='bbox 919 3833 1041 3894; x_wconf 87' lang='lat' dir='ltr'><strong>salutem</strong></span> <span class='ocrx_word' id='word_1_386' title='bbox 1060 3851 1098 3892; x_wconf 82' lang='lat' dir='ltr'><strong>ca</strong></span> <span class='ocrx_word' id='word_1_387' title='bbox 1116 3831 1232 3894; x_wconf 83' lang='lat' dir='ltr'><strong>Christi</strong></span> <span class='ocrx_word' id='word_1_388' title='bbox 1305 3829 1311 3842; x_wconf 86' lang='lat'>&#39;</span> 
     </span>
     <span class='ocr_line' id='line_1_44' title="bbox 207 3903 1324 3988; baseline 0 -20"><span class='ocrx_word' id='word_1_389' title='bbox 207 3907 383 3988; x_wconf 87' lang='lat' dir='ltr'><strong>promittere.</strong></span> <span class='ocrx_word' id='word_1_390' title='bbox 433 3903 544 3968; x_wconf 87' lang='lat' dir='ltr'><strong>Nomen</strong></span> <span class='ocrx_word' id='word_1_391' title='bbox 567 3911 648 3970; x_wconf 80' lang='lat' dir='ltr'><strong>lerata·</strong></span> <span class='ocrx_word' id='word_1_392' title='bbox 667 3907 782 3970; x_wconf 83' lang='lat' dir='ltr'><strong>Christo</strong></span> <span class='ocrx_word' id='word_1_393' title='bbox 806 3909 854 3972; x_wconf 89' lang='lat' dir='ltr'><strong>hic</strong></span> <span class='ocrx_word' id='word_1_394' title='bbox 877 3910 1012 3974; x_wconf 81' lang='lat' dir='ltr'><strong>tribuitur</strong></span> <span class='ocrx_word' id='word_1_395' title='bbox 1035 3931 1095 3975; x_wconf 88' lang='lat' dir='ltr'><strong>non</strong></span> <span class='ocrx_word' id='word_1_396' title='bbox 1119 3911 1214 3974; x_wconf 88' lang='lat' dir='ltr'><strong>modo</strong></span> <span class='ocrx_word' id='word_1_397' title='bbox 1286 3928 1324 3968; x_wconf 85' lang='lat' dir='ltr'><strong>aa·</strong></span> 
     </span>
     <span class='ocr_line' id='line_1_45' title="bbox 205 3987 1324 4072; baseline 0.003 -26"><span class='ocrx_word' id='word_1_398' title='bbox 205 3987 320 4048; x_wconf 82' lang='lat' dir='ltr'><strong>tandem</strong></span> <span class='ocrx_word' id='word_1_399' title='bbox 340 3987 542 4063; x_wconf 88' lang='lat' dir='ltr'><strong>innocentiam,</strong></span> <span class='ocrx_word' id='word_1_400' title='bbox 571 3987 622 4048; x_wconf 88' lang='lat' dir='ltr'><strong>sed</strong></span> <span class='ocrx_word' id='word_1_401' title='bbox 641 3987 677 4048; x_wconf 91' lang='lat' dir='ltr'><strong>ab</strong></span> <span class='ocrx_word' id='word_1_402' title='bbox 696 3989 812 4065; x_wconf 81' lang='lat' dir='ltr'><strong>ellectu,</strong></span> <span class='ocrx_word' id='word_1_403' title='bbox 836 3991 903 4071; x_wconf 85' lang='lat' dir='ltr'><strong>qaia</strong></span> <span class='ocrx_word' id='word_1_404' title='bbox 921 4011 975 4072; x_wconf 87' lang='lat' dir='ltr'><strong>pro</strong></span> <span class='ocrx_word' id='word_1_405' title='bbox 997 3992 1071 4052; x_wconf 87' lang='lat' dir='ltr'><strong>rium</strong></span> <span class='ocrx_word' id='word_1_406' title='bbox 1088 3993 1153 4064; x_wconf 63' lang='lat' dir='ltr'><strong>eius,</strong></span> <span class='ocrx_word' id='word_1_407' title='bbox 1168 3999 1233 4066; x_wconf 83' lang='lat' dir='ltr'><strong>est,</strong></span> <span class='ocrx_word' id='word_1_408' title='bbox 1259 3987 1324 4050; x_wconf 77' lang='lat' dir='ltr'><strong>iast-</strong></span> 
     </span>
     <span class='ocr_line' id='line_1_46' title="bbox 170 4012 1325 4154; baseline 0.003 -30"><span class='ocrx_word' id='word_1_409' title='bbox 170 4133 176 4144; x_wconf 38' lang='grc'>,</span> <span class='ocrx_word' id='word_1_410' title='bbox 206 4066 275 4125; x_wconf 87' lang='lat' dir='ltr'><strong>tiam</strong></span> <span class='ocrx_word' id='word_1_411' title='bbox 294 4067 325 4125; x_wconf 92' lang='lat' dir='ltr'><strong>in</strong></span> <span class='ocrx_word' id='word_1_412' title='bbox 345 4067 451 4128; x_wconf 88' lang='lat' dir='ltr'><strong>mundo</strong></span> <span class='ocrx_word' id='word_1_413' title='bbox 470 4068 648 4128; x_wconf 84' lang='lat' dir='ltr'><strong>constituere.</strong></span> <span class='ocrx_word' id='word_1_414' title='bbox 689 4067 753 4128; x_wconf 88' lang='lat' dir='ltr'><strong>Hoc</strong></span> <span class='ocrx_word' id='word_1_415' title='bbox 777 4077 875 4132; x_wconf 72' lang='lat' dir='ltr'><strong>numm</strong></span> <span class='ocrx_word' id='word_1_416' title='bbox 897 4069 964 4132; x_wconf 89' lang='lat' dir='ltr'><strong>ioco</strong></span> <span class='ocrx_word' id='word_1_417' title='bbox 974 4012 1102 4134; x_wconf 71' lang='lat' dir='ltr'><strong>ludaeos</strong></span> <span class='ocrx_word' id='word_1_418' title='bbox 1120 4073 1258 4154; x_wconf 82' lang='lat' dir='ltr'><strong>coarguit</strong></span> <span class='ocrx_word' id='word_1_419' title='bbox 1275 4067 1325 4128; x_wconf 78' lang='lat' dir='ltr'><strong>so</strong></span> 
     </span>
    </p>

    <p class='ocr_par' dir='ltr' id='par_1_9' title="bbox 145 4141 1329 4470">
     <span class='ocr_line' id='line_1_47' title="bbox 206 4141 1325 4246; baseline 0.012 -48"><span class='ocrx_word' id='word_1_420' title='bbox 206 4141 333 4220; x_wconf 84' lang='lat' dir='ltr'><strong>phauus,</strong></span> <span class='ocrx_word' id='word_1_421' title='bbox 361 4143 438 4220; x_wconf 81' lang='lat' dir='ltr'><strong>ptus-¹</strong></span> <span class='ocrx_word' id='word_1_422' title='bbox 451 4165 537 4223; x_wconf 88' lang='lat' dir='ltr'><strong>quam</strong></span> <span class='ocrx_word' id='word_1_423' title='bbox 557 4147 687 4226; x_wconf 87' lang='lat' dir='ltr'><strong>indignos</strong></span> <span class='ocrx_word' id='word_1_424' title='bbox 706 4167 768 4208; x_wconf 83' lang='lat' dir='ltr'><strong>esse</strong></span> <span class='ocrx_word' id='word_1_425' title='bbox 786 4149 987 4246; x_wconf 83' lang='lat' dir='ltr'><strong>redemptionis</strong></span> <span class='ocrx_word' id='word_1_426' title='bbox 1007 4149 1157 4224; x_wconf 82' lang='lat' dir='ltr'><strong>beneficio,</strong></span> <span class='ocrx_word' id='word_1_427' title='bbox 1191 4152 1263 4231; x_wconf 78' lang='lat' dir='ltr'><strong>qula</strong></span> <span class='ocrx_word' id='word_1_428' title='bbox 1279 4148 1325 4204; x_wconf 71' lang='lat' dir='ltr'><strong>im</strong></span> 
     </span>
     <span class='ocr_line' id='line_1_48' title="bbox 207 4218 1326 4320; baseline 0.013 -42"><span class='ocrx_word' id='word_1_429' title='bbox 207 4218 276 4278; x_wconf 87' lang='lat' dir='ltr'><strong>olim</strong></span> <span class='ocrx_word' id='word_1_430' title='bbox 294 4223 389 4298; x_wconf 80' lang='lat' dir='ltr'><strong>pat-res</strong></span> <span class='ocrx_word' id='word_1_431' title='bbox 408 4241 466 4281; x_wconf 87' lang='lat' dir='ltr'><strong>non</strong></span> <span class='ocrx_word' id='word_1_432' title='bbox 486 4225 572 4286; x_wconf 90' lang='lat' dir='ltr'><strong>modo</strong></span> <span class='ocrx_word' id='word_1_433' title='bbox 592 4233 762 4320; x_wconf 83' lang='lat' dir='ltr'><strong>respuerunt</strong></span> <span class='ocrx_word' id='word_1_434' title='bbox 781 4229 860 4308; x_wconf 88' lang='lat' dir='ltr'><strong>quod</strong></span> <span class='ocrx_word' id='word_1_435' title='bbox 879 4229 936 4290; x_wconf 84' lang='lat' dir='ltr'><strong>sllis</strong></span> <span class='ocrx_word' id='word_1_436' title='bbox 955 4236 1093 4292; x_wconf 74' lang='lat' dir='ltr'><strong>testamur</strong></span> <span class='ocrx_word' id='word_1_437' title='bbox 1111 4235 1172 4290; x_wconf 86' lang='lat' dir='ltr'><strong>erat</strong></span> <span class='ocrx_word' id='word_1_438' title='bbox 1193 4248 1250 4310; x_wconf 85' lang='lat' dir='ltr'><strong>per</strong></span> <span class='ocrx_word' id='word_1_439' title='bbox 1268 4225 1326 4286; x_wconf 60' lang='lat' dir='ltr'><strong>Pte</strong></span> 
     </span>
     <span class='ocr_line' id='line_1_49' title="bbox 145 4293 1329 4470; baseline 0.019 -38"><span class='ocrx_word' id='word_1_440' title='bbox 145 4373 150 4398; x_wconf 35' lang='grc' dir='ltr'><em>ι</em></span> <span class='ocrx_word' id='word_1_441' title='bbox 205 4293 1329 4470; x_wconf 52' lang='grc' dir='ltr'><strong>μ’</strong></span> 
     </span>
    </p>

    <p class='ocr_par' dir='ltr' id='par_1_10' title="bbox 175 4425 1146 4463">
     <span class='ocr_line' id='line_1_50' title="bbox 175 4425 1146 4463; baseline 0.005 -5"><span class='ocrx_word' id='word_1_442' title='bbox 175 4425 177 4434; x_wconf 83' lang='grc'><strong>“</strong></span> <span class='ocrx_word' id='word_1_443' title='bbox 1134 4429 1146 4463; x_wconf 65' lang='lat' dir='ltr'><strong>b</strong></span> 
     </span>
    </p>
   </div>
   <div class='ocr_carea' id='block_1_7' title="bbox 0 0 1382 4864">
    <p class='ocr_par' dir='ltr' id='par_1_11' title="bbox 0 0 1382 4864">
     <span class='ocr_line' id='line_1_51' title="bbox 0 0 1382 4864; baseline 0 0"><span class='ocrx_word' id='word_1_444' title='bbox 0 0 1382 4864; x_wconf 95' lang='lat' dir='ltr'><strong> </strong></span> 
     </span>
    </p>
   </div>
  </div>
 </body>
</html>
