2838 4848
176 223 234 286 146
560 204 601 268 IN
619 201 761 268 nszc.
781 194 912 265 lOANN.

177 339 256 398 tanto
276 328 376 392 ardore
394 322 475 406 quasi
492 319 609 404 pedibus
632 327 663 380 ot
685 317 813 382 manibus
832 318 923 398 ligatis
941 315 1072 398 torpenti
1109 305 1291 402 Euangelus.
1410 385 1411 390 ἵ

175 411 336 496 respondet,
355 405 421 487 qna
438 401 563 462 nondum
572 399 678 460 Christi
687 401 757 460 hora
769 405 896 459 venerat:
917 416 975 476 quo
985 397 1126 473 admonet,
1142 398 1293 462 Christum

176 501 276 556 eontra
294 489 405 550 illorum
423 483 482 542 rim
501 487 530 542 et
548 479 668 540 furiosos
687 481 808 560 impetus
827 477 885 538 Dei
907 477 1046 558 praesidio
1064 484 1175 539 tectum
1194 479 1293 541 luisse.

176 573 215 636 Et
232 569 315 633 simul
334 563 455 626 uuenrrit
472 560 562 621 mucis
581 559 721 634 seandalo,
740 558 884 638 quianon
903 563 947 616 est
960 575 1011 616 our
1024 556 1180 632 turbemur,
1199 579 1294 640 quum

97 693 101 706 .
176 652 304 716 andimus
323 665 382 706 non
400 662 453 724 pro
467 640 613 702 hominum
627 639 740 700 libidine
754 637 900 720 abreptum
913 635 1000 698 fuisse
1013 634 1158 698 Christum
1167 637 1205 702 od
1214 659 1294 700 mor·

176 741 243 804 tem,
260 726 312 797 sed
331 725 397 805 quia
416 719 508 782 Patris
526 718 638 780 decreto
658 719 687 778 iu
704 717 763 778 tale
782 715 949 778 sacrificium
967 715 1122 776 destinatus
1141 723 1210 778 erat.
1239 715 1293 778 At·

175 830 232 892 qne
250 805 316 866 hino
335 800 490 898 mollipenda
508 805 552 859 est
570 798 734 860 universalis
753 795 897 858 doctrina:
916 793 991 856 Nam
1010 802 1097 856 utoun
1139 816 1155 858 e
1173 797 1204 857 in
1217 797 1294 856 diem

174 891 313 960 vivamus,
332 889 431 943 mortrs
449 887 544 940 tamen
562 877 633 940 hors
651 879 751 958 cuique
770 875 922 939 eonstituta
940 880 984 935 est
1003 875 1081 956 apud
1122 895 1196 936 eum.
1234 874 1296 937 Res

175 965 296 1030 difficilis
316 961 433 1035 creditu,
452 957 530 1040 quod
548 960 592 1018 lot
610 959 732 1020 fortuitis
750 955 859 1017 essibus
869 955 994 1032 obnoxii,
1012 953 1295 1016 tothominumfera·

174 1064 297 1128 rumque
314 1041 422 1105 iniuriis
441 1046 470 1098 et
488 1039 592 1098 insidiis
610 1037 745 1118 expositi,
764 1043 808 1098 tot
827 1035 931 1098 obsessi
950 1033 1070 1111 morbis,
1090 1035 1180 1096 simus
1200 1041 1294 1094 tamen

174 1134 258 1268 iiim
277 1118 599 1260 mimihilt
616 1116 884 1256 tttttrhssttt
903 1133 1021 1256 ‘iffi
1037 1113 1317 1274 lifdlmaliih

244 1223 310 1264 eum

174 1291 219 1344 est
238 1281 365 1342 doctrina
423 1279 496 1340 alem
515 1265 562 1336 hie
579 1275 718 1351 audimus,
737 1273 836 1335 deinde
854 1215 918 1334 dnh
978 1279 1126 1354 aspectat,
1145 1277 1175 1333 et
1189 1271 1294 1332 exhor·

174 1362 246 1427 nuo
266 1379 340 1442 qnae
359 1359 387 1418 in
407 1378 423 1418 e
443 1358 561 1418 dnoilur.
595 1353 635 1414 Ut
654 1355 759 1416 seilicet
777 1355 852 1416 euris
872 1294 1002 1414 omnihlus
1016 1351 1149 1414 inlisum
1159 1352 1295 1434 proiectis

175 1441 296 1522 quisque
314 1437 458 1500 vocationi
476 1455 543 1496 suae
561 1434 694 1494 inserviat
715 1453 768 1494 nee
790 1433 850 1494 ullo
869 1440 949 1494 metu
967 1439 1112 1506 reuocmnr
1131 1429 1166 1492 ab
1186 1429 1295 1504 officio,

174 1539 260 1580 nemo
279 1525 374 1578 tamen
392 1515 463 1576 fines
482 1534 548 1574 suos
567 1513 713 1586 transiliat
742 1509 843 1592 Neque
861 1514 938 1572 enim
951 1509 1206 1593 providentiasti
1220 1509 1293 1572 lidu-

89 1649 91 1656 .
176 1599 220 1660 tis
239 1598 313 1658 ultra
332 1593 464 1678 progredi
482 1593 524 1654 las
543 1599 587 1678 est
605 1611 692 1672 quum
711 1589 790 1652 Deus
809 1592 870 1674 ipse
888 1591 1032 1674 praecipit.

263 1743 317 1811 31.
349 1739 442 1810 Multi
462 1749 567 1807 autem
590 1763 630 1806 ex
651 1739 741 1806 turba
762 1737 958 1808 erediderunt
983 1737 1017 1806 in
1043 1761 1133 1823 enm,
1163 1748 1196 1808 et
1216 1735 1296 1806 dice·

174 1851 251 1920 bant
262 1847 404 1918 Christus
426 1867 527 1937 aprum
547 1843 675 1927 venerit,
695 1844 849 1935 numquid
870 1844 959 1935 plura
975 1843 1062 1936 signa
1078 1844 1175 1926 lseiet,
1197 1865 1296 1934 quarn

175 1955 228 2023 hie
249 1953 342 2023 lacit?
369 1952 424 2019 33.
445 1949 620 2018 hodierum
633 1947 934 2017 Pharisaei‘turbam
955 1961 1205 2019 murmurantem
1216 1949 1298 2048 haee

176 2061 217 2130 de
238 2083 292 2128 eoa
314 2067 347 2126 et
367 2053 520 2124 miseruut
535 2053 692 2124 Pharisaei
713 2065 746 2122 et
760 2053 946 2124 Sauerdotes
967 2054 1136 2140 ministros,
1156 2065 1193 2122 ut
1214 2075 1299 2142 som·

175 2162 408 2259 prehenderent
428 2185 512 2230 eum.
534 2159 589 2228 33.
610 2157 700 2228 Dixit
721 2183 795 2252 ergo
811 2158 871 2228 illis
886 2159 984 2244 lesus,
1005 2159 1118 2228 Adbuc
1131 2159 1299 2251 paululum

174 2267 328 2361 temporis
349 2267 514 2335 vobiscum
535 2287 616 2348 sum,
639 2275 672 2333 et
690 2266 772 2334 vado
794 2265 835 2332 ad
855 2287 939 2349 enm,
961 2265 1014 2356 qni
1035 2289 1087 2333 me
1108 2265 1202 2332 misit.
1238 2261 1296 2332 ³4.

175 2373 340 2462 Quaeretis
368 2395 436 2456 me,
467 2381 499 2439 et
520 2393 585 2438 non
606 2371 786 2440 invenietisa
819 2381 851 2440 et
872 2371 926 2440 ubi
948 2393 1006 2464 ego
1028 2393 1115 2456 snm,
1145 2393 1206 2439 vos
1226 2392 1297 2438 non

145 2469 149 2478 ’
174 2479 308 2571 potestis
330 2477 446 2546 venire.
489 2477 543 2544 35.
575 2473 733 2544 Dixerunt
753 2499 828 2568 ergo
848 2473 954 2546 ludaei
974 2477 1054 2546 inter
1074 2500 1124 2562 se,
1150 2477 1224 2563 Quo
1244 2477 1301 2544 hie

176 2583 278 2650 iturus
299 2591 361 2664 est,
393 2581 562 2671 quod'nos
582 2603 649 2648 non
669 2580 866 2651 inveniemus
887 2583 984 2652 enin?
1013 2605 1054 2649 sn
1080 2583 1114 2649 in
1136 2579 1300 2674 dispersio-

55 2780 58 2784 Ι
175 2711 252 2756 nem
273 2685 464 2754 Graecorum
490 2683 590 2752 iturus
611 2697 673 2772 est,
705 2697 738 2756 et
764 2687 912 2756 docturus
934 2687 1091 2757 Graecos?
1132 2687 1186 2756 36.
1220 2687 1300 2774 Quis

178 2803 229 2862 est
250 2790 301 2859 hic
323 2812 427 2860 senno
449 2813 546 2882 quem
567 2791 659 2878 (hait,
692 2792 856 2878 Quaeretis
876 2817 943 2877 me,
976 2805 1009 2864 et
1028 2817 1096 2864 non
1115 2793 1300 2864 invenietis?

175 2906 210 2966 et
232 2917 299 2986 quo
320 2917 379 2987 ego
401 2895 494 2979 vado,
514 2917 574 2964 vos
594 2921 660 2965 von
681 2899 813 2990 potestis
834 2899 965 2969 venire?

254 3013 302 3074 31.
343 3013 439 3075 Motus·
463 3023 560 3076 omen
582 3038 620 3077 eo:
642 3019 737 3077 turbo.
776 3015 875 3078 Videri
898 3023 1012 3100 poterut
1035 3017 1219 3080 omoionmm
1236 3035 1299 3076 esse

176 3089 308 3153 Christus
327 3093 404 3172 apud
422 3094 523 3154 surdos
542 3101 571 3155 et
589 3095 700 3177 penitus
719 3096 883 3172 obstinatos,
909 3097 975 3156 dicit
993 3103 1090 3158 taram
1108 3093 1301 3176 Evangelista,

192 3252 199 3268 ι
248 3178 330 3232 utum
348 3171 435 3267 luisse
454 3173 577 3268 aliquem
595 3173 727 3236 iruetunu
776 3173 851 3258 drgo
870 3183 1016 3256 uteunque
1034 3177 1082 3238 alii
1101 3177 1231 3250 fremant,
1251 3173 1300 3234 alii

176 3271 202 3310 rr
221 3256 296 3324 eant,
318 3249 367 3312 slu
386 3251 598 3336 calumnientur,
618 3255 781 3316 exoriantur
799 3257 893 3316 variae
912 3255 1107 3330 dissensiones,
1126 3261 1301 3318 nontamen

175 3327 283 3389 inutilis
302 3330 358 3388 erit
369 3327 516 3414 Evangelii
533 3333 711 3412 praedicatio.
740 3333 808 3396 ldeo
828 3333 1016 3416 spargendum
1034 3355 1130 3396 semor
1148 3342 1179 3396 et
1192 3335 1300 3415 patien-

174 3413 218 3470 ter
237 3408 443 3486 sustinendum,
462 3411 553 3472 donee
571 3415 704 3495 tnnporis
724 3433 857 3476 snooessu
875 3415 983 3477 lruotus
1002 3433 1033 3474 se
1051 3415 1184 3495 proferat
1224 3411 1297 3472 Gae-

174 3495 270 3549 terum
288 3490 423 3552 credenda·
442 3489 561 3552 verbnm
579 3489 626 3552 hio
648 3493 803 3576 improprie
827 3495 961 3569 sumitur,
1031 3491 1038 3510 ‘
1080 3489 1240 3574 pendebant
1258 3509 1298 3550 ex

175 3568 319 3628 miraculis
338 3571 434 3650 polius
453 3590 541 3651 quam
559 3565 702 3634 doctrinae
720 3571 919 3647 innitebantur,
936 3512 1058 3632 »ἐξ
1076 3569 1200 3652 persuasi
1214 3576 1301 3630 erant

175 3645 269 3706 losum
288 3667 350 3708 esse
365 3647 525 3712 Christum:
544 3650 594 3711 sed
613 3648 680 3731 quia
698 3651 735 3712 ad
753 3654 848 3732 ipsum
866 3651 987 3714 audiend
1045 3650 1203 3732 sompamti
1216 3654 1303 3708 erant

764 3807 1300 3873 ...

175 3877 358 3977 riliooditulp
377 3831 500 3966 §piritio
515 3827 777 3968 ppgnamr'gpprpos
796 3889 922 3962 animare
938 3887 1031 3968 debet,
1049 3909 1087 3952 ne
1104 3887 1192 3950 fidem
1210 3906 1301 3970 quan·

175 3961 282 4019 tumus
301 3978 431 4042 exiguam
449 3964 515 4026 Deo
534 3973 678 4047 aeeeplam
696 3965 757 4028 fore
776 3967 943 4034 dubitamus.

254 4037 303 4130 33.
342 4044 509 4106 Audieruat
528 4045 695 4108 Ptortsoet.
734 4043 809 4110 llius
833 4055 949 4130 apparet
972 4045 1141 4110 Pharisaeos
1221 4046 1246 4106 si
1269 4045 1300 4106 in

174 4110 303 4176 exonbus
321 4115 408 4213 lopati
426 4131 519 4184 essent
537 4125 573 4184 ad
582 4143 680 4184 omnes
690 4127 850 4187 oeeasiones
859 4130 982 4188 intentos
991 4129 1087 4202 luisse,
1106 4148 1143 4190 ns
1214 4127 1299 4186 istum

175 4201 598 4342 rennuenti*
617 4203 748 4344 ¹m
758 4203 1304 4348 t²⁰a¹³no¹⁰uzmtn²⁰s

172 4349 253 4428 quin,
271 4355 306 4412 nt
323 4355 467 4436 praecipui
485 4301 586 4420 bahali
597 4301 735 4424 tddiebant
803 4304 956 4443 ‘panisus
976 4367 1070 4428 sarius
1084 4363 1302 4447 reliquisomni·
