2786 4870
575 159 739 226 carmi
1330 167 1336 190 '

93 283 158 422 Εἰ
165 282 293 364 paritura
309 281 372 338 arat
386 273 473 338 ludas
496 275 646 352 abdicatio,
670 275 733 338 Scri
753 282 833 338 aare
850 279 1017 340 audoritalc
1038 279 1122 344 tollit
1160 177 1213 346 llil.
1276 277 1292 324 'J

175 369 271 422 tamen
286 363 385 440 posset
402 356 482 416 locus
501 355 547 416 hic
565 357 704 418 violenter
739 363 856 416 ctortus.
894 357 1036 436 Primum,
1061 361 1131 424 haec
1149 359 1208 426 Da.

91 441 145 502 vid
162 460 222 510 uon
240 439 287 498 uni
305 433 552 510 ammarum,
572 435 621 498 scd
639 435 765 496 hostibus
784 437 842 496 suis
859 435 960 520 plurali
973 458 1091 500 numero
1105 444 1208 524 impre-

89 527 183 580 catur.
220 515 345 591 Deinde,
364 533 439 595 quae
458 513 493 574 do
510 514 636 575 hostibus
655 513 773 575 Davidis
793 515 866 576 dicta
885 524 965 591 suut,
983 519 1096 580 videtur
1103 519 1208 584 Petrus

88 599 166 659 mala
183 597 219 658 ad
236 596 337 656 ludam
355 593 476 654 trahere.
519 591 575 654 Res
596 595 700 669 ondoo,
724 595 792 654 sicl
852 596 937 656 ‘illic
955 597 991 656 de
1008 617 1040 657 se
1057 597 1207 678 Davidem,
1246 624 1249 635 ¹

87 685 124 738 ut
142 675 335 737 conditionem
353 693 385 734 re
423 669 558 734 'Christi
574 615 719 734 describat
759 616 861 756 ΡιιῗωΙ

86 775 206 817 munem
224 757 315 816 totius
333 751 358 813 E
432 752 487 824 ἐ,
511 772 583 832 quae
602 772 704 834 corpus
724 759 766 812 est
785 752 835 813 filii
853 752 922 829 Dei,
946 756 1095 837 imaginem
1118 763 1207 822 conti·

85 843 146 896 net
185 833 314 895 Proinde
329 835 360 892 in
378 832 468 912 capite
485 831 660 969 imaque
682 831 739 891 illic
762 829 913 907 habentur,
937 834 1047 915 impleri
1069 841 1205 917 oportuit,
1226 841 1230 848 '

86 915 175 976 sicuti
204 914 321 994 impleta
348 909 541 992 Evangelistac
606 918 695 971 erunt.
739 907 823 986 Nune
847 911 871 972 si
899 912 963 992 quis
992 913 1116 990 obiiciat,
1145 939 1204 980 non

88 985 258 1075 competere
274 993 304 1052 iu
321 989 429 1064 Iudam,
447 1007 518 1070 quae
536 989 566 1048 in
583 989 680 1050 hostes
688 988 806 1050 Davidis
818 991 1021 1067 fucrantdicta',
1040 1004 1205 1078 promptum

794 615 903 748 0sauss,
920 675 1045 756 inquam,
1064 679 1112 738 ille
1130 699 1206 743 com·

89 1073 149 1131 erit
168 1073 303 1151 excipere,
322 1085 357 1130 eo
374 1071 437 1150 ipso
456 1087 518 1128 com
539 1074 614 1128 etcre
632 1070 740 1148 potius,
760 1069 825 1150 quin
843 1069 939 1130 David
956 1091 1014 1130 non
1034 1092 1064 1132 sc
1082 1075 1140 1135 illic
1158 1071 1212 1136 so?

87 1150 154 1214 lum
172 1151 301 1230 respiciat
317 1151 398 1230 quasi
415 1146 451 1208 ab
469 1089 610 1208 Ecclesiae
629 1167 749 1229 corpore
767 1157 941 1229 separatum,
961 1149 1010 1208 sed
1028 1155 1123 1231 potius
1141 1162 1202 1216 tan·

88 1248 178 1312 quam
207 1247 294 1324 upum
321 1247 361 1323 ex
381 1225 487 1323 Claristi
508 1226 655 1322 membris,
683 1227 810 1322 adeoque
833 1229 893 1287 eius
915 1229 1067 1310 imaginem
1090 1241 1202 1312 gestans

86 1308 254 1448 iiidffi
266 1303 947 1468 ttmttstttaslttttitti
963 1327 1120 1468 iffi
1142 1311 1201 1454 lt

84 1465 235 1528 nudabitur
252 1463 320 1524 lauio
338 1466 444 1546 aptari,
467 1465 544 1546 quod
562 1466 593 1524 iu
615 1463 665 1524 illo
689 1465 742 1526 luit
765 1464 969 1526 adumbratum.
1014 1463 1124 1546 Quare,
1147 1473 1201 1532 etsi

85 1549 177 1606 totam
194 1542 351 1606 Ecdesiam
370 1543 597 1624 comprehendat,
616 1561 633 1604 a
652 1545 742 1624 capite
761 1547 847 1604 sumit
864 1545 984 1620 iniu'um,
1002 1547 1037 1606 tc
1049 1549 1200 1630 praecipue

85 1623 219 1683 describit
293 1643 310 1682 e
327 1633 461 1704 passurus
480 1630 554 1683 esset
573 1621 701 1684 Christus
720 1623 755 1682 ab
774 1622 926 1702 impiorum
949 1629 1043 1686 mauu.
1069 1677 1071 1684 .
1087 1625 1199 1688 Scimus

84 1703 162 1762 enim
181 1722 220 1762 ex
237 1643 319 1762 qqauli
335 1703 470 1778 doctina,
489 1701 623 1784 quicquid
640 1703 781 1762 malorum
798 1703 945 1782 patiuntur
956 1705 1055 1779 musti,
1072 1706 1198 1768 afflictio·

86 1801 160 1844 utrm
179 1779 284 1840 Christi
303 1801 361 1842 esse
379 1789 485 1862 partes,
504 1782 589 1842 etad
608 1782 844 1863 complementum
862 1801 959 1843 earnm
978 1791 1111 1864 spectare
1144 1786 1197 1848 Illa

86 1868 165 1921 certe
184 1861 321 1920 connexio
338 1879 372 1921 ac
390 1859 475 1922 series
498 1880 515 1922 a
532 1860 644 1922 Davida
661 1863 717 1922 luit
734 1863 894 1937 observata,
918 1862 965 1922 rel
983 1865 1078 1943 polius
1097 1883 1114 1924 a
1133 1864 1197 1946 Spi-

290 1939 1069 2082 suffla
1082 1940 1197 2082 nl

1045 2062 1054 2093 i

82 2100 296 2180 antesignanum
323 2119 356 2159 co
388 2041 592 2161 ertuiiucuius
620 2107 655 2160 ut
679 2101 811 2180 impietas
832 2105 861 2159 et
888 2099 979 2159 scelus
1006 2099 1123 2172 eminet,
1155 2101 1196 2159 sic

190 2180 343 2260 conspicua
362 2187 393 2239 ct
409 2180 598 2240 memorabilis
617 2197 679 2239 esse
697 2177 786 2238 debet.
816 2177 849 2238 Si
868 2179 930 2258 quis
949 2197 1062 2238 rursum
1075 2176 1194 2252 obiiciat,

119 2260 295 2338 precationes
318 2259 415 2319 referri
437 2259 468 2319 in
490 2257 618 2334 Psalmo,
647 2277 706 2318 non
729 2257 871 2332 vaticinia,
899 2257 928 2316 id
1003 2257 1196 2338 cimpmprie

77 2334 199 2418 Petrum
223 2337 371 2417 colligere,
392 2335 453 2408 hoc,
473 2341 629 2420 oportuisse
651 2335 728 2412 lieri,
756 2337 845 2398 facilis
868 2341 911 2396 est
933 2337 1046 2396 soutio.
1095 2332 1195 2417 Neque

78 2417 157 2476 enim
174 2415 272 2474 David
289 2436 421 2498 perverso
439 2425 490 2488 aut
513 2419 615 2478 vitioso
638 2418 728 2476 carnis
752 2417 854 2476 ellectu
877 2413 914 2475 ad
936 2414 1087 2475 undictam
1109 2433 1193 2495 expe-

79 2495 197 2556 tendam
214 2493 345 2556 incitatus
369 2496 435 2572 luit,
465 2497 514 2557 sed
541 2496 679 2578 Spiritum
701 2493 799 2556 habuc
823 2496 924 2554 ducem
951 2507 986 2556 ac
1017 2495 1192 2554 directorem.

78 2573 148 2635 Vim
168 2593 234 2654 ergo
251 2575 471 2655 praedictionum
489 2575 607 2649 habent,
631 2593 816 2670 quaecunque
837 2576 970 2634 instinctu
988 2571 1110 2655 Spiritus
1128 2592 1192 2656 pre·

77 2661 160 2713 eatur
188 2659 246 2728 cst,
276 2656 342 2734 quia
364 2673 423 2715 non
447 2655 502 2716 alia
520 2655 641 2736 Spiritus
665 2661 805 2736 exposcit,
835 2671 921 2735 quam
949 2671 1022 2748 quae
1050 2659 1192 2733 praestare

76 2727 166 2794 Deus·
177 2731 253 2812 apud
273 2753 303 2794 sc
322 2733 458 2809 decrevit,
482 2741 512 2794 et
529 2735 610 2796 nobis
629 2755 744 2816 quoque
762 2733 825 2794 vult
847 2733 981 2814 pollicear.
1026 2729 1124 2810 Quum
1142 2751 1191 2792 au·

76 2819 134 2874 mm
153 2810 211 2872 duo
230 2831 268 2874 ex
285 2811 407 2873 Psalmis
425 2813 535 2875 diversa
552 2815 711 2874 testimonia
734 2815 801 2874 citet
819 2811 934 2886 Petrus,
959 2811 1038 2892 prim
1057 2811 1113 2872 huc
1131 2817 1191 2872 ten·

77 2893 133 2967 dit,
150 2890 251 2952 ludam
270 2911 337 2954 cuna
355 2893 472 2954 nomine
489 2900 519 2954 et
537 2892 641 2953 familia
660 2892 746 2953 luisse
765 2890 923 2964 delendum,
941 2897 975 2950 ut
993 2909 1099 2951 vacuus
1117 2897 1192 2952 esset

75 2971 155 3031 locus
175 2969 235 3048 (Pa.
256 2975 308 3048 69,
328 2975 408 3048 2602
427 2973 545 3034 alterum
563 2993 649 3045 vero,
669 2972 747 3052 quod
765 2990 803 3032 ex
812 2969 926 3030 Psalmo
945 2971 1096 3030 centesimo
1111 2989 1190 3030 nono

74 3051 225 3109 adducitur
244 3049 285 3129 (v.
306 3051 356 3130 8),
374 3051 566 3112 ιἰιὶιιιειιίἰιιιιι
584 3051 807 3132 subrogandum,
853 3050 880 3107 ui
903 3049 933 3106 in
956 3047 1016 3107 cius
1035 3049 1125 3106 vicem
1143 3067 1190 3106 ru-

74 3127 158 3188 biret.
207 3125 338 3208 Pugnare
356 3132 469 3210 quidem
486 3132 657 3214 inspeciem
675 3129 820 3202 videntur,
910 3127 989 3185 italio
1008 3125 1130 3196 deserta,
1160 3132 1193 3184 ct

75 3203 242 3266 successio:
266 3209 317 3268 sed
334 3211 399 3288 quia
416 3213 511 3292 priore
529 3211 594 3272 loco
613 3209 735 3290 Spiritus
758 3213 869 3266 tautum
891 3223 908 3263 c
931 3203 1025 3262 medio
1048 3201 1190 3266 tollendos

76 3284 223 3346 Ecclesiae
246 3286 417 3349 advesarios
439 3293 616 3371 pronuntiat,
644 3295 679 3348 ut
700 3288 797 3346 locum
815 3303 937 3343 vacuum
955 3287 985 3342 ct
1004 3281 1063 3340 sine
1081 3279 1189 3340 habita-

75 3371 140 3424 tore
159 3364 333 3445 relinquant,
351 3375 486 3448 quantum
505 3368 542 3429 ad
559 3371 637 3450 ipsos
655 3366 790 3447 pertinet,
813 3361 870 3422 hoc
887 3365 946 3422 non
965 3361 1003 3419 im
1060 3361 1095 3434 't,
1119 3359 1188 3438 quin

73 3445 182 3503 alienus
200 3451 302 3527 postea
321 3465 462 3508 successor
480 3449 576 3508 locum
595 3447 738 3506 desertum
757 3449 882 3523 occupet
926 3439 987 3500 lmo
1028 3457 1062 3498 oc
1080 3451 1194 3519 poenae,

71 3520 359 3664 pnmvl'patcdmdp‘ugct,
379 3528 457 3608 quod
475 3527 582 3602 honos,
600 3531 753 3613 postquam
772 3521 880 3584 ablatus
899 3525 944 3582 cst
955 3515 1080 3599 indigno,
1097 3523 1186 3576 naus-

85 3621 100 3660 e
180 3621 197 3662 a
273 3625 366 3666 enum.
408 3665 410 3668 ,
933 3645 935 3652 1
1041 3623 1043 3630 ’

70 3778 134 3820 vox
150 3683 216 3820 glan
241 3760 310 3834 errl:
334 3709 423 3846 nillil
434 3682 774 3827 :dii-deicolidilaniniiiridt
790 3671 1187 3850 ffliicdlloiliminipiddtlddd

67 3839 114 3898 sic
133 3837 242 3920 dictam.
279 3840 354 3904 Nam
375 3847 425 3924 qui
443 3865 563 3906 uxorem
581 3845 814 3924 interpretantur,
837 3861 885 3901 eos
909 3843 1058 3900 contextus
1076 3832 1185 3894 refellat.

66 3917 117 3978 De
135 3937 226 3980 uxore
243 3924 319 3982 euim
339 3926 467 4005 sequitur
484 3925 616 4021 proximo
634 3941 732 3998 versu,
756 3929 790 3984 ut
807 3920 859 3982 liat
876 3917 970 3980 adua
1015 3913 1090 3996 llrgo
1109 3917 1186 3995 post·

64 4016 156 4077 quam
180 4001 238 4059 rita
261 4005 374 4082 optavit
397 4006 502 4086 privam
524 4005 564 4064 im
583 4005 657 4076 ium,
683 4001 769 4062 simul
792 4003 877 4062 etiam
902 3997 993 4071 addit,
1019 4001 1053 4055 ut
1076 3993 1186 4054 honore

64 4077 217 4155 spolietur:
236 4100 332 4160 nequa
350 4082 381 4141 id
399 4084 500 4159 modo,
587 4090 621 4142 ut
637 4082 679 4142 illi
698 4082 769 4142 alius
788 4079 933 4153 succedat,
949 4095 1009 4216 pao
1048 4092 1133 4149 oenc,
1152 4075 1186 4131 ut

61 4156 145 4235 prius
167 4161 299 4234 memini,
328 4161 497 4244 duplicatur.
549 4158 674 4242 (illique
695 4163 805 4223 interca
829 4163 923 4233 notat,
1016 4155 1023 4172 ⁶
1156 4157 1188 4210 et

62 4235 252 4315 sceleratum,
281 4238 317 4298 dc
341 4260 401 4320 quo
424 4241 564 4324 loquitur,
595 4262 655 4302 non
677 4239 739 4301 iore
763 4259 801 4301 ex
824 4238 913 4320 vulgo
941 4235 1106 4316 quamlibet,
1120 4279 1121 4284 η
1134 4229 1186 4290 scd

62 4313 226 4392 praestitum
245 4317 397 4399 dignitate,
416 4340 433 4381 a
452 4340 508 4403 qua
526 4329 622 4385 tamm
640 4320 760 4384 excidet.
799 4316 952 4380 Caeterum
968 4313 1131 4376 &cendum
1142 4313 1187 4368 cst

103 4410 211 4455 calaum
225 4412 247 4456 ia
260 4415 318 4457 Nor.
333 4417 392 4461 sorr.
407 4417 511 4460 {omit
857 4402 878 4462 2
