2838 4848
175 271 230 330 ini
370 246 374 259 '
558 257 596 318 ιιι
616 257 756 319 urano.
776 255 905 320 ioum.

177 399 242 445 noii
263 373 394 470 potestis
414 369 530 438 venire.
574 371 626 436 99.
650 369 805 436 Dixernnt
826 391 900 462 ergo
921 365 1032 449 iuriam,
1052 365 1218 458 Numquid
1240 391 1278 436 oe

178 485 260 552 sidet
279 505 313 548 se
334 480 452 568 ipsum,
475 473 551 566 ,quin
577 475 665 556 dicit,
691 477 764 560 Quo
792 499 850 566 ogo
879 471 959 540 vado
987 494 1044 539 vos
1065 471 1130 538 nori
1152 473 1288 564 potestis

180 585 303 658 venire?
345 581 397 646 93.
430 579 522 646 'l'uue
543 577 621 648 dixit
641 577 715 662 iltis,
750 577 813 648 Vos
835 577 909 650 estis
931 575 970 644 ab
990 575 1131 662 inieritis,
1162 601 1224 668 ego
1248 579 1289 644 de

181 689 321 784 superuis
342 709 427 754 suni:
458 708 517 752 vos
539 685 579 751 de
599 685 718 784 mundo
740 684 823 766 estis,
844 707 902 776 ego
927 703 991 750 non
1012 703 1091 747 sum,
1105 683 1144 749 de
1165 684 1289 748 mundo

180 799 250 864 lioe.
294 785 347 859 Μ.
378 791 487 882 ltaque
508 790 572 856 diiii
593 790 700 875 vobis,
734 787 819 879 quod
840 789 872 854 iii
893 786 1027 878 peccatis
1049 788 1158 854 vestiis
1179 786 1288 854 morie-

180 900 269 970 mini:
290 897 350 975 nisi
371 891 455 976 enim
477 893 674 980 credideritis,
696 893 781 986 quod
804 899 960 986 ego'sum,
980 893 1013 958 iii
1029 889 1163 984 paeoniis
1180 891 1292 964 vestris

181 1027 364 1074 moriemini.

259 1169 308 1239 ‘'Ji.
337 1167 406 1256 Ego
424 1173 509 1234 mdo,
546 1171 701 1252 Postquain
725 1190 756 1230 se
774 1170 842 1232 uitiii
863 1169 998 1250 profluere
1016 1168 1094 1229 videt
1113 1168 1189 1252 apud
1208 1167 1293 1229 obsu-

184 1263 273 1332 natos,
292 1255 438 1314 denuntiat
455 1253 510 1312 illis
529 1253 658 1312 exitimn:
677 1257 762 1346 atque
781 1250 827 1310 iiio
845 1250 1134 1309 est‘eoriimomuium
1149 1248 1222 1321 finis,
1241 1250 1293 1326 qai

183 1329 366 1413 Evangelium
384 1339 528 1411 respuunt,
567 1329 665 1410 Neque
684 1349 759 1388 euim
777 1337 881 1388 temere
905 1330 934 1388 ia
954 1335 1045 1388 airum
1064 1327 1217 1408 spargitui',
1242 1325 1292 1384 sed

185 1431 297 1474 neeesse
315 1419 359 1471 est
378 1411 492 1470 odorem
511 1412 598 1490 spiret
616 1411 689 1468 vitae
708 1409 755 1467 vei
778 1409 884 1490 mariis.
934 1405 1050 1465 Summa
1073 1414 1166 1466 autem
1190 1404 1290 1464 vorbo-

184 1504 248 1552 rum
266 1498 320 1551 est:
339 1490 479 1548 Seiisuros
498 1490 609 1549 tandem
628 1489 738 1568 impios,
758 1494 865 1566 quanto
884 1503 938 1564 pun
956 1487 1031 1544 mato
1050 1486 1194 1549 reieceriiit
1209 1483 1292 1543 Chri-

184 1577 260 1630 stum
278 1569 353 1630 ultro
377 1585 408 1628 se
430 1567 498 1648 ipsis
522 1567 696 1626 offerentem:
735 1585 834 1626 verum
853 1566 882 1624 id
901 1585 964 1625 saro
983 1583 1069 1644 quum
1088 1563 1206 1644 amplius
1224 1579 1292 1643 poe·

185 1649 315 1710 nitentiae
334 1648 413 1706 loeus
431 1667 490 1706 nou
508 1649 567 1706 erit
607 1646 701 1724 Atque
725 1652 758 1703 nt
781 1646 868 1726 magia
892 1663 1000 1724 poenae
1018 1643 1225 1724 propinquitate
1244 1658 1293 1700 eos

185 1729 296 1800 irruent,
314 1727 437 1806 primum
456 1745 486 1786 se
504 1725 589 1821 paulo
608 1731 672 1808 post
691 1723 831 1784 abiturum
850 1724 925 1798 diui,
954 1744 1011 1804 quo
1032 1721 1167 1802 signifieat
1185 1727 1294 1780 tunium

108 1867 111 1876 ,
186 1807 222 1866 ad
240 1807 325 1865 breve
344 1811 455 1884 tempus
472 1805 527 1863 illis
546 1803 699 1886 praedicari
708 1802 902 1883 Evaiigeliuui:
923 1801 1024 1882 quodsi
1038 1801 1293 1861 iianeoaeasiouom

187 1891 375 1969 praetereant,
403 1903 460 1942 nou
485 1903 596 2020 semper
614 1889 757 1962 acceptum
777 1884 837 1942 iore
856 1890 968 1962 tempus
985 1889 1016 1940 et
1035 1881 1094 1940 dies
1113 1879 1194 1938 saluti
1213 1877 1293 1938 desti·

187 1971 276 2024 natos.
316 1962 365 2020 Sic
388 1963 472 2022 etiam
495 1961 578 2020 hoie
602 1981 691 2041 quum
714 1959 750 2020 aii
768 1963 880 2020 ianuam
899 1968 1024 2020 nostiam
1044 1959 1137 2040 puisat
1157 1958 1295 2028 Christus,

188 2043 282 2102 statim
300 2039 411 2099 obviem
430 2040 554 2098 auaitum
573 2047 623 2114 est,
647 2059 682 2100 ne
701 2042 840 2121 ignaviam
859 2048 985 2099 nostram
1002 2047 1148 2120 pertaesus
1167 2057 1197 2097 se
1215 2036 1296 2097 nobis

189 2122 305 2182 auferat.
344 2117 381 2177 Et
400 2113 483 2178 eeite'
494 2119 589 2178 multis
609 2120 734 2178 omnium
758 2128 919 2200 temporum
937 2120 1134 2199 expieumentis
1153 2117 1297 2196 cognitiuu
1412 2145 1413 2150 1

189 2200 250 2273 tuit,
270 2201 440 2278 quantopere
458 2197 623 2257 metuendus
643 2199 743 2257 sithiu
763 2198 866 2258 Christi
885 2199 1029 2256 discessus.
1068 2196 1125 2255 Sed
1145 2197 1236 2276 primo
1255 2200 1296 2252 te·

189 2278 311 2340 neudum
330 2283 373 2336 esi
392 2277 533 2356 quomodo
554 2275 697 2336 Christum
715 2279 881 2358 quaesierim
899 2278 954 2352 isti,
972 2277 1007 2336 de
1026 2275 1126 2354 quibus
1145 2293 1220 2334 nune
1239 2273 1297 2352 agi·

191 2359 245 2418 iun.
284 2355 357 2416 Nam
375 2357 399 2414 si
418 2373 484 2414 vera
503 2355 602 2450 fuisset
620 2358 781 2431 conversio,
810 2375 868 2416 nori
896 2356 999 2416 frustra
1022 2375 1086 2414 eum
1110 2355 1296 2433 quaesissent:

191 2433 1298 2592 stifftii‘t‘ig'tttitgtttttd”dttditi'ttitittttitit

192 2599 253 2652 tum
276 2589 324 2664 iri,
343 2592 391 2650 sod
410 2593 530 2670 qualiter
548 2593 674 2652 homines
693 2595 825 2653 eximinii
844 2593 924 2653 maiis
943 2593 1019 2652 auxii
1037 2591 1227 2650 liberationem
1247 2608 1299 2647 uii-

193 2663 339 2748 deounipie
353 2676 509 2808 ⁸{appetunt
544 2669 631 2764 'Nam
658 2671 793 2732 increduli
817 2673 911 2731 Deum
939 2671 991 2730 sibi
1013 2671 1173 2808 ¹propitium
1197 2668 1299 2727 habere

193 2754 335 2830 cuperant,
420 2755 525 2808 uiteraa
543 2770 635 2829 ipsun
654 2751 751 2831 sugere
770 2771 827 2810 noii
846 2751 983 2810 desinunt
1043 2767 1092 2808 ans
1111 2750 1187 2830 ipsus
1202 2753 1298 2807 voeat:

194 2841 320 2888 accessus
344 2829 374 2886 in
396 2827 452 2888 tide
471 2835 499 2886 et
517 2829 685 2907 poenitentia
704 2832 773 2890 situs
793 2835 843 2894 ert.
882 2829 972 2910 Atqui
990 2829 1119 2888 duritiem
1139 2827 1230 2886 cordis
1249 2845 1299 2906 op·

195 2903 385 2987 ponuutDen
405 2913 434 2965 et
452 2905 643 2986 desperatione
661 2910 742 2970 tueri
761 2910 894 2970 adversus
912 2929 978 2969 euni
991 2908 1124 2968 fremunt.
1149 2907 1300 2966 insuninia

195 2991 304 3043 tautum
322 2985 401 3043 abest
419 2991 451 3044 ut
470 2986 505 3044 ad
524 2985 618 3046 Deum
643 2987 778 3068 aspirent,
807 2995 840 3048 ut
867 2989 961 3048 loeum
985 3007 1043 3046 nou
1066 2987 1219 3048 eouoedant
1241 2987 1300 3044 eius

195 3064 300 3122 auxilio
319 3063 371 3120 uisi
387 3079 420 3122 'sa
439 3057 532 3144 ipsum
550 3065 675 3146 abneget,
694 3068 771 3146 quod
789 3086 934 3148 uunquam
952 3065 1075 3126 fauturus
1094 3069 1145 3125 est.
1175 3065 1206 3124 lu
1225 3065 1300 3122 linae

196 3142 311 3200 moduni
330 3144 508 3220 quantumvis
526 3140 604 3224 impii
623 3145 848 3220 esseutSerihae7
867 3146 1087 3226 redemptionem
1102 3163 1173 3222 quae
1182 3159 1299 3222 peruia·

197 3235 265 3280 nnm
284 3217 399 3278 Messias
417 3222 552 3298 promissa
571 3231 631 3282 erat
650 3223 767 3284 libenter
784 3223 836 3284 sihi
855 3229 1008 3302 aptassent,
1036 3221 1122 3282 inodo
1150 3241 1180 3280 se
1209 3222 1301 3301 ipsun

197 3295 292 3356 transii
363 3305 420 3356 sset
429 3297 557 3359 Christus
576 3301 612 3360 ad
631 3303 743 3380 iliorum
761 3304 910 3383 ingenium.
938 3299 1059 3362 Proinde
1078 3300 1122 3360 liis
1140 3300 1231 3360 verbis
1250 3300 1300 3359 mi·

197 3381 280 3435 natur
314 3375 417 3434 hristus
436 3395 469 3436 ae
486 3377 629 3438 denuntiat
647 3380 776 3440 omnibus
789 3375 946 3456 incredulis,
965 3381 1050 3440 tantis
1064 3379 1204 3460 angrariis,
1222 3385 1299 3458 post·

173 3542 175 3550 ·
198 3455 1050 3616 iamiam{sniumidedum
1065 3533 1287 3616 nii

199 3617 276 3672 etinu
294 3620 346 3686 osi,
365 3615 522 3692 quaerendo
540 3635 598 3676 nou
617 3623 762 3696 quaerunt.
806 3617 894 3697 idque
912 3619 979 3677 satis
997 3617 1070 3676 olere
1089 3615 1216 3696 proxima
1236 3621 1298 3693 part

200 3691 476 3786 iieulaexprimitur,
495 3713 583 3772 quum
601 3695 667 3754 dieit
684 3701 846 3756 moriemini
864 3700 896 3756 in
911 3703 1029 3780 peccota
1047 3705 1147 3756 vestm.
1176 3691 1302 3772 Causam!

201 3787 275 3828 emin
293 3771 419 3828 interitus
437 3771 498 3830 iore
516 3771 605 3847 donet,
624 3775 701 3851 quod
715 3772 780 3834 Deo
798 3775 834 3834 tid
852 3783 1007 3834 extremum
1024 3786 1113 3852 mque
1131 3772 1302 3852 immorigeri

201 3851 283 3905 enini
301 3865 334 3906 ao
350 3847 476 3908 rebelles.
516 3843 608 3927 Quale
627 3859 721 3912 autem
739 3851 794 3914 hoo
812 3859 957 3932 peecatum
972 3855 1011 3912 sit
1029 3849 1276 3911 moxuidebimus.

202 3997 211 4019 ι
278 3927 326 3986 22.
363 3921 515 4009 Numquid
537 3931 645 3992 occidet
667 3953 697 3990 ee
719 3932 732 3990 i
815 3977 822 3990 .
861 3929 985 4012 Pergimt
1003 3929 1117 3992 Seritam
1141 3949 1199 3991 aon
1217 3925 1302 4008 modo

202 4015 232 4061 iii
249 4017 348 4063 aeonio
366 4005 536 4086 oouieuiptu,
556 4006 605 4068 sed
623 4009 706 4068 etiam
773 4004 925 4090 protervis:
945 4011 1118 4072 adsumant
1132 4009 1207 4070 eiiiiu
1225 4007 1301 4088 quod

203 4079 322 4176 dixerat3
340 4097 399 4142 nori
517 4087 593 4168 ipsos
612 4088 691 4167 sequi
710 4107 768 4168 quo
785 4097 847 4150 erat
863 4091 966 4170 iturus:
990 4091 1048 4150 nesi
1067 4091 1203 4162 ditiorem,
1222 4087 1252 4146 Si
1271 4105 1303 4146 so

203 4181 213 4218 i
233 4179 295 4218 suin
313 4161 404 4220 interii
446 4168 473 4236 i,
490 4160 610 4226 iateuiur
628 4187 686 4228 nou
704 4186 787 4248 posse
804 4181 856 4226 iios
875 4169 995 4228 manilii
1013 4171 1142 4242 comites,
1162 4165 1303 4248 quianon

306 4235 378 4334 Napi
397 4237 539 4334 otCiiii'sti
558 4244 709 4307 absentiam
727 4261 781 4331 pio
799 4245 886 4305 nitito
906 4247 1051 4323 dnoebant,
1070 4251 1099 4306 at
1114 4243 1250 4335 putabant
1268 4263 1303 4302 eo

203 4333 235 4374 se
260 4311 321 4374 iore
348 4337 378 4376 ui
400 4314 528 4380 omnibus
557 4321 721 4403 superiores.
763 4322 829 4382 Ideo
852 4321 948 4384 iubent
966 4339 1031 4384 enni
1050 4325 1150 4404 propat
1169 4324 1304 4384 oseneia

205 4407 262 4476 qiio
279 4391 363 4458 voles
400 4393 546 4459 dimunitio
564 4419 632 4464 sano
648 4409 762 4483 stupori
791 4400 840 4464 sed
856 4404 904 4462 «tu
920 4401 1055 4483 reprobos
1073 4401 1189 4466 uminis
1206 4401 1319 4476 Sitnus
