2818 4848
589 215 717 283 onem
734 217 788 282 ut
1186 225 1245 291 189

80 383 98 411 .
117 307 349 404 manando
372 305 523 416 cupimus,
551 342 652 432 spoutp
673 355 712 399 ex
735 334 831 432 Papus
855 336 1006 432 pynngogtt
1029 335 1246 402 Manuos

122 427 249 504 oportet,
275 425 386 480 tamtum
410 415 495 475 abest
518 419 550 476 ut
573 415 654 477 nobu
673 416 766 476 obstet
784 421 928 477 eisnnoms
945 422 1048 476 metus.
1095 417 1246 482 &eumn

123 505 179 564 etsi
200 502 266 560 ritus
290 495 560 558 exeommnuinuudi
583 501 642 555 tam
665 495 777 578 indigne
795 497 825 556 iu
843 495 933 556 vetuti
951 493 1077 556 Euolesiu
1095 505 1245 596 oomuptus

121 582 225 654 iuerat,
253 577 388 636 Christus
411 581 509 632 tamen
534 574 657 636 adventu
680 595 733 635 suu
759 574 902 658 exstingui
922 575 1028 648 noluit,
1058 575 1108 636 nod
1124 579 1246 639 mutuis

118 677 187 720 sune
204 657 336 753 puritatt
355 660 388 713 ut
407 653 443 712 de
459 653 569 734 integro
589 654 663 736 apnd
682 673 736 750 naq
753 655 869 792 viqpsqt.
883 652 951 752 'lta
970 653 1245 754 hodiuqnantumpin

116 732 949 898 {tigidittttt'tittttttdtttttthtt
982 733 1149 874 titt„
1193 755 1246 890 di

118 917 214 979 qnam
232 901 269 954 ut
288 912 350 953 eam
368 891 536 952 aboleamus.
576 889 730 974 Nunquam
749 892 820 952 adeo
839 892 911 953 bene
928 909 975 952 nen
994 893 1025 952 iu
1043 893 1151 954 mundo
1170 912 1246 954 oom-

118 977 238 1058 positae
257 980 335 1046 snut,
353 973 418 1052 quin
437 971 626 1032 sanctissimus
645 990 775 1054 quaeque
793 971 850 1032 Dei
868 972 944 1054 leges
962 969 1110 1032 hominnm
1128 975 1197 1032 vitio
1216 967 1247 1034 id

123 1053 303 1152 nppnpteias
323 1051 496 1146 degenerent
535 1047 661 1148 Nimium
679 1051 807 1146 prpieotn
830 1051 958 1112 liuentiae
977 1051 1101 1147 Satanqe
1124 1049 1247 1150 (1qu,

120 1299 232 1376 partem
250 1307 267 1351 a
285 1293 346 1351 suis
365 1290 586 1370 inqnmamentis
605 1289 719 1372 reliquit
737 1290 879 1352 intactum

203 1449 257 1525 24.
278 1453 445 1524 Vocarunt
464 1475 541 1550 ergo
563 1455 702 1524 secundo
724 1453 902 1540 hominem,
924 1455 978 1548 qui
1000 1477 1115 1526 coecus
1135 1456 1246 1540 fuerat,

115 1587 154 1634 ao
173 1561 322 1632 dixerunt
343 1559 390 1646 ei,
410 1551 462 1630 Da
483 1559 614 1652 gloriam
635 1561 803 1632 Dent-nos
824 1561 950 1644 scimus,
972 1563 1060 1654 quod
1081 1561 1244 1632 hiehomo

114 1678 344 1762 pennatorum.
394 1667 450 1736 25.
476 1667 651 1760 Respondit
677 1690 753 1759 ergo
778 1667 830 1738 itte
851 1677 884 1738 et
904 1667 997 1752 dixit,
1028 1667 1080 1738 An
1100 1680 1246 1762 pencuton

117 1775 174 1860 sit,
201 1773 322 1842 nescio:
348 1795 450 1840 unum
471 1771 552 1858 noio,
579 1773 667 1866 quod
689 1797 789 1866 quum
811 1796 925 1843 coecus
948 1797 1065 1858 essem,
1096 1799 1182 1844 nune
1202 1775 1245 1844 vi·
1335 1858 1340 1868 ,

120 1881 195 1948 deo.
238 1879 291 1946 tt.
314 1877 471 1948 Dixerunt
491 1902 566 1972 ergo
589 1879 618 1948 ei
639 1865 774 1962 mimum,
796 1879 879 1968 Quid
900 1879 1060 1948 secittibi?
1081 1879 1244 1971 quomodo

123 1985 247 2077 aperuit
266 1984 322 2051 tibi
343 1985 469 2053 oeulos?
501 1988 556 2055 27.
577 1984 753 2077 Respondit
771 1985 847 2071 illis,
869 1985 946 2052 Dixi
967 1985 1058 2054 vobis
1080 1986 1142 2054 ium
1163 1995 1245 2070 unte,

120 2102 155 2161 et
182 2114 249 2158 nou
277 2089 417 2158 audistis:
438 2091 527 2182 'quid
557 2115 684 2159 rursum
716 2090 811 2158 vultis
842 2089 970 2157 audire?
998 2091 1153 2182 numquid
1184 2114 1245 2160 vos

116 2199 213 2268 etiam
235 2196 332 2266 vultis
352 2196 420 2264 eius
442 2196 585 2290 discipuli
607 2195 693 2266 fieri?
735 2197 789 2266 28.
812 2193 979 2264 Convitiati
1001 2206 1076 2264 suut
1097 2219 1172 2290 ergo
1192 2185 1245 2278 illi,

117 2315 151 2373 et
171 2304 334 2386 dixerim,
355 2303 409 2370 Τιι
429 2313 499 2371 esto
521 2303 589 2372 eius
611 2301 797 2394 discipulum
822 2323 883 2370 nos
903 2295 1137 2372 Mosis'sumus
1159 2300 1245 2370 disei-

119 2409 199 2502 puli.
253 2409 308 2476 29.
339 2406 409 2476 Nos
434 2409 566 2494 scimus,
599 2409 687 2502 quod
714 2407 795 2476 Mosi
822 2407 974 2500 loquutus
995 2407 1036 2476 sit
1056 2407 1161 2478 Deus:
1193 2405 1246 2476 hio

121 2539 200 2584 vero
221 2513 382 2598 nudent,
403 2515 568 2586 nescimus.
612 2517 666 2582 30.
688 2511 864 2608 Respondit
883 2513 998 2597 homo,
1019 2523 1052 2584 et
1072 2513 1151 2582 dixit
1172 2511 1243 2598 iltis,

119 2621 214 2690 Certe
234 2621 268 2688 in
289 2622 353 2689 huc
372 2621 489 2690 mirum
511 2631 572 2706 est,
599 2620 687 2714 quod
708 2643 767 2690 vos
788 2620 927 2706 nescitis,
953 2621 1037 2690 unde
1059 2621 1153 2690 nitet
1174 2645 1245 2713 ape-

115 2727 178 2797 ruit
199 2727 310 2796 oculos
331 2749 432 2795 meos.
476 2727 529 2795 31.
552 2727 677 2819 Scimus
699 2737 821 2812 autem,
843 2727 929 2819 quod
950 2737 1130 2819 pennatores
1151 2726 1242 2796 Deus

114 2859 182 2904 non
203 2835 304 2902 audit:
337 2833 395 2902 sed
417 2833 444 2901 si
465 2831 536 2924 quis
557 2831 619 2904 Dei
640 2833 681 2904 sit
701 2833 817 2920 cultor,
849 2844 882 2904 et
902 2833 992 2916 iaciat
1013 2835 1081 2904 eius
1102 2833 1243 2903 voluuta-

115 2953 195 3026 tun,
216 2942 305 3009 hunc
324 2940 420 3008 audit.
463 2941 518 3008 32.
539 2939 570 3008 Α
591 2940 716 3010 suendo
738 2964 804 3010 uon
826 2952 875 3012 est
895 2941 1044 3024 auditum,
1066 2941 1153 3033 quod
1173 2965 1243 3034 upe-

114 3048 214 3115 rnerit
235 3047 391 3138 quispiam
412 3045 480 3114 eius
502 3046 620 3130 oculos,
642 3046 697 3138 qui
718 3057 811 3114 natus
833 3046 942 3115 inisset
959 3069 1082 3117 noenius.
1110 3049 1163 3114 33.
1174 3047 1242 3116 Risi

118 3161 207 3220 esset
225 3151 280 3220 hic
300 3173 319 3218 a
337 3149 423 3235 Deo,
442 3174 510 3220 non
531 3162 641 3245 posset
661 3153 763 3221 fucere
785 3151 960 3242 quicquam.

202 3277 254 3338 24.
298 3279 441 3339 Voeuront
460 3299 537 3362 ergo
556 3282 690 3342 mado.
739 3277 805 3340 Non
831 3276 948 3340 dubium
972 3287 1026 3342 est·
1039 3279 1109 3362 quin
1131 3279 1242 3363 pudore

119 3357 218 3418 oosoti
235 3375 354 3417 coenum
371 3360 505 3434 vomi-int,
523 3377 609 3439 quem
628 3360 712 3419 nimio
730 3357 845 3420 firmum
863 3365 894 3419 et
912 3367 1086 3420 constantem
1105 3363 1183 3442 prins
1192 3379 1241 3420 ex·

117 3438 192 3534 perti
212 3435 335 3498 inuuunt
372 3436 412 3503 Itu
428 3457 489 3534 quo
504 3439 702 3504 ¹vehementius
721 3437 865 3498 luctantur
884 3438 1019 3500 adversus
1037 3436 1147 3514 Deum,
1176 3437 1242 3498 nub·

116 3517 182 3576 unde
201 3515 333 3598 piuiibna
351 3515 456 3598 laquens
476 3537 508 3579 se
525 3517 648 3580 iuduunt
666 3523 695 3578 et
713 3515 814 3576 fortius
838 3535 870 3577 se
895 3519 1097 3597 constringunt.
1142 3516 1242 3578 (luetu-

115 3617 181 3656 rum
198 3601 240 3656 ita
258 3599 447 3680 interrogant,
463 3605 499 3658 ut
517 3601 547 3659 in
565 3615 619 3659 ann
637 3596 724 3658 verba
742 3597 836 3678 ipsum
854 3596 966 3678 adipem
984 3603 1130 3658 sonentur.
1169 3593 1241 3676 Spe-

118 3677 196 3735 ninua
214 3677 330 3757 quidem
348 3678 485 3759 praefatio
505 3685 557 3754 est,
576 3697 665 3760 quum
684 3677 835 3740 hortantur
852 3677 890 3738 ad
909 3673 1241 3758 dondumDeoglou'um,

122 3754 171 3814 sed
190 3759 282 3815 statim
308 3757 459 3854 imperiose
481 3762 581 3818 vetunt
603 3777 640 3818 na
663 3777 701 3818 ex
724 3758 809 3818 animi
833 3758 878 3818 sui
903 3757 1038 3816 sententia
1062 3755 1239 3839 respondeat.

122 3831 198 3914 Ergo
216 3835 267 3895 sub
285 3839 410 3896 nominis
428 3835 484 3896 Dei
503 3844 652 3918 praetextu
671 3837 772 3898 servile
791 3837 958 3918 obseqtu'um
978 3835 1026 3896 ob'
1037 3837 1087 3898 illo
1112 3839 1157 3898 axi
1216 3845 1238 3899 t.

120 3915 175 3974 Du
191 3915 318 3996 gtuetmn
336 3919 414 3978 Deo.
457 3915 580 3980 Tametsi
603 3917 640 3978 ad
664 3936 765 3978 causae
789 3918 1025 3980 cimumstuutium
1049 3917 1145 3980 ratem
1189 3937 1240 3980 aon

118 3993 268 4056 obtmtntio
324 4002 396 4069 test,
419 4013 456 4059 nu
474 3995 530 4056 Dei
550 3997 667 4078 glorium
690 3997 821 4070 obseurat
844 4015 947 4058 coenus
970 3995 1136 4060 bouufiuinm
1160 3999 1239 4080 quud

115 4075 225 4154 auoepit
241 4075 271 4136 in
309 4077 436 4136 ominum
454 4077 654 4152 transferendo,
673 4079 767 4158 potius
786 4085 881 4138 tamen
900 4075 1046 4138 subscribo
1064 4087 1162 4140 nonum
1176 4097 1239 4143 ten·

115 4155 232 4229 tentiae,
252 4157 303 4236 qni
323 4156 471 4216 solennem
489 4155 574 4216 finisse
593 4157 742 4217 formulam
762 4159 935 4231 existimant,
956 4175 1029 4236 quoe
1048 4158 1174 4218 adhiberi
1193 4177 1253 4219 so-·

114 4231 296 4376 letatqwqunm
344 4233 538 4296 indurandum
561 4235 596 4296 ub
620 4237 716 4317 atiquo
741 4239 891 4316 exigerent
935 4235 1009 4300 Nan
1032 4245 1066 4312 et,
1084 4237 1167 4300 loona
1190 4237 1239 4312 (7,

113 4315 174 4392 19.)
193 4315 211 4332 ”
297 4314 410 4375 uerbis
427 4314 537 4376 tham
556 4316 673 4390 adiurat,
693 4335 781 4396 (pium
794 4335 891 4376 veram
910 4315 1035 4397 subrepti
1053 4317 1239 4380 anathematis

114 4394 323 4456 mundonem
339 4396 503 4476 exprimens
518 4395 590 4458 vult.
630 4395 781 4459 Monobant
799 4401 893 4458 autem
912 4395 957 4458 hin
976 4395 1085 4471 verbis,
1104 4415 1162 4458 nnn
1181 4393 1238 4456 lovi
