2742 4856
496 209 625 272 CAPUT
643 209 723 274 xiil.
1109 221 1168 286 245

47 345 154 400 omnes,
181 325 231 406 qui
259 341 364 405 puram
387 321 534 406 Evangelii
562 326 719 389 doctrinam
743 327 789 390 vel
813 347 994 420 mmumpers
1012 339 1042 394 et
1060 333 1166 397 adulte·

46 428 115 481 rare,
133 405 176 466 rel
214 403 288 464 alam
308 404 367 464 suis
386 405 534 465 calumniis
553 426 716 488 oppugnare
735 427 794 469 uun
808 417 956 472 serentum
974 414 1165 476 scimusenim

46 490 76 548 in
94 487 166 547 huuc
205 503 271 544 ueru
289 484 326 546 ad
345 490 458 564 tempus
477 485 551 545 edila
571 485 820 562 luissemiracula,
839 495 872 549 ut
890 498 1029 570 perpetue
1048 493 1163 574 vigeant

46 586 79 628 ac
96 573 157 626 ante
174 563 273 625 oculos
294 570 450 637 versentur,
470 564 608 646 nobisque
627 565 741 627 luceant
760 568 795 627 ad
815 588 829 627 s
849 569 1032 631 aclaudaDei
1051 573 1163 648 iudicia,

46 665 115 726 qnae
134 644 220 709 omlis
238 663 298 705 nen
317 644 357 704 ila
377 645 529 724 conspicua
548 652 624 706 sunt.
669 645 820 707 Caeterum
868 669 903 708 eo
922 649 997 710 haue
1020 651 1067 711 rel
1086 652 1164 712 illam

43 727 187 796 rationem,
302 723 403 803 puniat
430 722 527 784 hostes
551 743 633 799 suos,
663 725 853 808 praescribere
876 737 1006 791 nostrum
1030 751 1089 791 nun
1111 739 1164 792 est.

43 805 153 884 Sergius
162 803 222 864 Pau
235 822 278 878 us,
298 804 348 882 qui
367 809 432 863 ante
451 803 562 864 virilem
581 813 702 879 aetatem
721 807 831 867 uallum
850 809 991 890 religionis
1010 827 1094 871 verae
1133 831 1164 870 n·

43 891 117 944 stum
134 883 282 955 habuerat,
307 883 357 961 qui
377 901 394 941 a
413 884 534 963 pueritia
557 886 643 945 variis
668 887 913 968 superstitionibus
936 889 1063 950 imbutus
1081 909 1100 948 v
1129 892 1164 950 du

42 963 128 1024 ardna
147 963 287 1022 obstacula
306 961 437 1036 habehat,
457 981 530 1042 quae
549 965 642 1044 ipsum
657 965 739 1026 aiide
749 966 939 1046 prohiberent,
959 969 1164 1050 quipustremo

972 1049 1163 1188 :carn

42 1223 111 1260 uum
129 1207 223 1282 aperte
241 1201 405 1282 porrigeret,
424 1219 588 1282 quanquam
607 1203 637 1262 in
656 1203 717 1262 eius
735 1223 857 1284 pomum
871 1225 924 1264 nos
935 1226 1034 1267 omnes
1045 1207 1162 1267 adiuvit.
1264 1205 1271 1220 ’

42 1280 118 1340 ldern
135 1281 209 1340 enim
217 1277 411 1360 Evangelium,
430 1281 510 1340 cuius
528 1287 599 1342 tnnc
622 1285 730 1342 munita
754 1283 808 1343 luit
826 1286 989 1360 auctoritas,
1009 1286 1094 1346 hndie
1111 1305 1163 1346 ue

41 1360 84 1420 bis
102 1361 289 1438 praedicatur,
313 1377 408 1440 neque
432 1367 528 1421 mnan
547 1361 587 1422 ila
606 1368 695 1422 cessat
716 1360 811 1435 Deus,
841 1364 910 1442 quin
936 1363 1053 1424 diversis
1071 1365 1164 1425 modis

39 1439 242 1500 formidabilem
260 1457 341 1498 suam
361 1441 516 1520 potentiam
535 1439 774 1538 cenbaErauglii
792 1440 890 1502 hostes
909 1449 1032 1519 exserat,
1051 1437 1108 1507 nis'i
1126 1443 1163 1510 ad

38 1521 97 1579 dus
114 1518 215 1579 iudicia
234 1525 294 1578 tam
313 1518 428 1583 hebetes
447 1519 529 1579 nobis
548 1528 643 1582 essem
661 1521 746 1581 ocuh.
1149 1572 1153 1582 ,
1210 1567 1216 1580 ,

115 1602 161 1664 12.
172 1659 174 1664 ,
185 1600 271 1660 Thus
290 1601 460 1660 Proconeul
476 1601 583 1660 cidem.
602 1599 667 1660 Hoc
685 1607 730 1660 est
749 1600 827 1682 quod
843 1600 911 1676 dixi,
930 1599 1164 1684 abruptcslnisse

38 1680 166 1757 laqueos,
213 1677 417 1760 ibus-ipsum
440 1679 604 1739 devinctum
627 1677 746 1758 Elymas
769 1679 894 1742 tenebat:
923 1683 1063 1742 miraculo
1086 1682 1162 1740 enim

38 1759 73 1816 ud
91 1757 175 1818 iidem
193 1699 332 1818 gblductus
351 1758 418 1834 luit,
443 1759 509 1840 quia
529 1759 640 1818 initium
659 1759 726 1818 tidei
745 1765 790 1818 est
809 1777 843 1818 ae
861 1763 1041 1854 praeparatio
1060 1741 1163 1820 ductri-

38 1856 89 1898 nue
108 1839 270 1898 reverentia.
300 1835 401 1915 Quum
415 1856 451 1897 -er
470 1857 488 1896 o
507 1839 621 1898 minime
641 1837 793 1898 obscurum
813 1837 923 1898 dimnae
940 1841 1056 1900 virtutis
1074 1841 1165 1919 speci-

38 1937 101 1978 men
120 1918 209 1978 oculis
229 1923 370 1993 cerneret,
399 1857 658 1997 Palaimagnesia
682 1917 815 1976 divinitus
834 1918 952 1978 masau
971 1937 1048 1994 esse,
1077 1925 1164 1999 atque

38 1999 75 2056 ita
94 1997 153 2057 eins
172 1997 343 2072 denirium,
368 1997 397 2056 in
418 1997 499 2056 cuius
519 1995 576 2056 lide
594 1999 675 2078 prins
694 1995 865 2070 haesitabat,
884 1998 1029 2076 suspicere
1047 1998 1162 2076 incepit.
1249 2053 1250 2058 ,

38 2075 118 2136 Nunc
136 2077 162 2136 si
180 2077 323 2136 Dominus
335 2073 481 2156 Evangelii
500 2073 596 2151 fidem,
628 2093 703 2156 quae
721 2081 766 2136 tol
784 2082 901 2155 tamque
920 2075 1021 2136 validis
1040 2075 1164 2156 undique

38 2156 169 2216 machinis
188 2158 363 2231 concutitur,
382 2155 547 2216 mirabiliter
565 2157 595 2215 in
614 2155 770 2216 mullorum
789 2155 890 2214 animis
904 2153 1018 2215 firmam
1032 2156 1163 2231 sustinet,

38 2239 57 2296 si
76 2235 231 2296 incredibili
250 2237 337 2296 modo
356 2237 437 2309 lacit,
466 2240 499 2294 ul
518 2254 570 2316 per
588 2234 668 2294 mille
687 2233 834 2294 obstacula
853 2233 995 2294 eluctetur
1013 2233 1080 2294 fidei
1099 2252 1165 2294 cur

38 2336 90 2390 lus,
110 2315 164 2376 hac
182 2316 243 2375 eius
262 2317 352 2395 gratia
371 2315 498 2375 contenti
516 2334 554 2374 ue
574 2313 821 2381 obmurmuremns
840 2314 888 2374 vel
907 2319 1171 2394 cumeecxposln-'

40 2415 133 2470 emus,
153 2395 210 2456 acsi
229 2394 445 2456 doemonum
463 2393 554 2456 uostn‘
572 2392 712 2470 conditio,
741 2393 922 2454 simiracula
942 2391 1069 2474 quotidie
1087 2410 1164 2454 nera
1204 2456 1211 2476 „

38 2496 86 2557 pro
109 2481 178 2536 veto
196 2477 294 2536 nostro
313 2495 373 2536 non
392 2473 471 2534 fiant
949 2514 951 2522 ‚
1183 2475 1187 2482 '

123 2631 175 2698 13.
197 2630 304 2717 Quum
332 2640 438 2700 eutem
461 2653 479 2698 a
501 2627 612 2722 Papho
635 2629 806 2698 solvissent
826 2628 916 2698 Pauli
939 2630 1085 2712 comites,
1113 2647 1189 2728 re·

38 2747 150 2806 serunt
184 2735 306 2828 Pergen
339 2734 552 2828 Pamphyliae.
608 2735 742 2806 loannes
775 2745 902 2819 eutem,
935 2736 1093 2830 digressus
1124 2733 1165 2802 ab

38 2843 117 2938 psis,
139 2866 285 2912 reversus
308 2853 357 2912 est
370 2841 637 2934 Hierosolymam.
683 2841 734 2910 14.
756 2841 856 2912 Porro
878 2841 923 2912 illi
945 2867 1046 2934 quum
1067 2840 1165 2933 regio
1244 2839 1248 2848 ’

38 2975 105 3018 reru
133 2949 320 3018 transissent
340 2947 472 3042 Pergae,
498 2959 654 3017 venenant
679 2947 880 3016 Anboehiarn
905 2946 1039 3018 Pisidiae
1067 2955 1102 3015 et
1121 2945 1166 3014 in‘·

38 3055 129 3148 gressi
151 3056 185 3122 in
196 3052 398 3160 synagogam
420 3055 470 3122 die
481 3053 691 3122 sabbatorum
713 3053 870 3120 sederunt.
895 3054 947 3157 lb.
957 3053 1041 3157 Post
1061 3051 1165 3119 lectio

38 3169 105 3214 rem
127 3167 207 3214 vero
224 3143 322 3236 ¹Leges
344 3155 378 3214 et
398 3141 639 3234 Prophetarum,
659 3140 813 3210 miserunt
827 3139 968 3232 Magistri
978 3139 1164 3230 synagogae

38 3252 69 3318 rd
99 3275 158 3320 eus
186 3250 339 3334 diceutes,
367 3249 434 3317 Viri
456 3250 579 3326 iratres,
607 3247 633 3314 si
656 3257 705 3314 est
725 3245 759 3312 in
780 3243 872 3314 vobis
893 3269 1000 3314 sermo
1022 3241 1164 3312 exhorta
1188 3299 1190 3307 ,

38 3357 125 3424 ionis
147 3357 189 3424 ad
210 3355 382 3450 populum,
404 3355 505 3424 dicite.
752 3349 754 3354 ’

109 3503 168 3570 132
181 3499 323 3564 Narratur
342 3501 390 3561 hic
404 3498 694 3560 alteraPaulistatio:
713 3515 781 3558 nam
790 3495 892 3580 Papho
901 3496 1055 3578 digressus,
1074 3511 1164 3576 quum

38 3580 160 3641 renisset
182 3579 365 3643 Antiochiam
384 3568 473 3640 Pisidi
489 3599 521 3654 e,
549 3580 607 3639 illic
631 3576 843 3638 memorabilem
867 3579 1033 3638 condouem
1056 3574 1164 3648 habuit,

38 3681 118 3741 pram
139 3680 284 3722 unacum
303 3679 470 3721 successus
499 3665 560 3720 eret
577 3655 678 3718 Lucas.
713 3655 797 3718 Prius
816 3663 912 3718 tamen
931 3657 1023 3717 obiter
1040 3673 1165 3716 murusc-

38 3747 126 3800 norat
145 3739 261 3800 loannis
280 3740 446 3812 discessum,
503 3739 511 3754 ⁶
548 3745 647 3820 postea
665 3737 754 3797 tristis
773 3737 878 3796 dissidii
887 3755 972 3798 eausa
982 3736 1044 3796 luit.
1064 3733 1166 3813 Quum
1271 3749 1275 3758 ’

38 3819 99 3878 licit
123 3817 211 3880 Pauli
234 3821 357 3880 comites
386 3821 504 3880 actubus
526 3821 649 3899 Papho,
677 3817 771 3899 primo
795 3816 862 3876 loce
888 3815 1020 3897 iutelligit
1041 3813 1166 3875 Paulum

38 3919 138 3979 psum,
157 3897 260 3958 deinde
284 3899 355 3959 alios
379 3905 501 3980 exceptu
521 3917 590 3957 uno.
619 3897 660 3956 lla
680 3895 806 3958 notando
825 3897 885 3956 dus
905 3895 1069 3970 mollitiem,
1093 3893 1165 3954 ahos

38 3979 142 4053 sudat,
164 3980 216 4060 qni
235 3977 400 4058 infatigabili
420 3977 578 4038 constantia
596 3973 719 4055 Paulum
738 3977 851 4056 sequuti
870 3981 946 4034 suut
1000 4026 1003 4036 .

109 4060 153 4121 14
194 4061 332 4154 ingruat
356 4060 402 4118 die
428 4059 623 4118 cammaron.
673 4053 833 4116 Numerum
857 4053 997 4137 pluralem
1021 4054 1086 4118 lccn
1109 4052 1165 4114 sin·

38 4139 281 4278 ularisfflppsurt,
308 4137 392 4198 uenti
422 4137 489 4197 aiibi
502 4137 602 4232 ¹'saepe
625 4135 656 4196 iu
679 4133 828 4216 Scriptura
852 4135 984 4196 occurrit.
1029 4130 1166 4192 Selebaul

38 4219 104 4278 nim
196 4217 269 4278 halis
303 4216 469 4312 convenire,
502 4235 694 4312 nospsorum
728 4215 945 4309 otiumuiuutile
973 4220 1003 4274 et
1030 4214 1167 4309 ignavum

38 4303 111 4357 aret
156 4295 289 4358 Habebat
307 4295 423 4378 qmdem
447 4295 555 4356 sabbata
580 4293 720 4358 mstitntio
744 4301 774 4355 et
802 4293 890 4354 ulrum
918 4293 1021 4366 finem,
1049 4300 1082 4352 ut
1110 4312 1165 4372 sps-

38 4377 145 4439 itualis
170 4379 275 4458 quietis
299 4383 374 4439 essct
401 4374 506 4457 lignem
536 4375 608 4436 dum
632 4373 736 4438 fideles·
760 4374 868 4436 muudo
897 4380 926 4434 et
954 4373 1032 4434 carni
1060 4372 1167 4432 mortui
