2742 4856
458 217 461 224 ,
525 235 659 299 CAPUT·
672 235 741 301 XV.
788 243 793 252 '
1131 253 1192 314 293

71 354 142 413 sicut
160 351 246 431 magis
265 349 361 434 idonei
380 356 461 412 crant
480 353 648 434 cognitores.
682 354 837 417 Caeterum
856 357 987 432 aciamus,
1005 359 1128 420 formam
1146 362 1194 423 laio

70 441 100 492 et
119 432 242 493 ordinem
266 432 296 490 iu
321 431 454 512 cogendis
473 429 600 510 Synodis
624 434 759 496 divinitae
781 435 951 516 praeconini,
978 457 1070 518 quum
1093 447 1194 500 exorta

71 517 113 572 est
130 511 220 590 aliqua
240 513 441 582 controversia,
460 529 535 590 quae
552 513 637 574 aliter
654 519 789 595 componi
803 518 912 596 nequit,
932 535 998 578 nam
1010 539 1101 598 quum
1111 520 1194 580 mulii

70 590 191 670 quotidie
209 592 389 670 insurgerent
406 589 541 650 adversus
555 589 688 668 Paulum,
708 595 770 654 aola
789 593 860 655 baec
880 596 1058 676 disceptatio,
1077 617 1115 658 ex
1135 617 1193 678 qua

68 673 185 750 ingentis
204 670 303 730 rainae
321 669 479 750 perieulum
498 670 630 744 instabat,
649 680 680 732 ct
698 692 774 754 quae
791 675 848 734 iam
867 691 1016 757 progressa
1030 683 1193 766 eretusque

67 750 103 809 ad
121 749 237 808 boetilee
256 765 461 830 pugnasseum
480 746 709 830 Hierosolymam
727 756 875 832 pertraxit.

143 831 172 891 ‘t'-
218 835 316 904 Qas'esm
344 837 442 888 antean
469 851 518 888 nso
562 852 583 889 u
610 833 790 912 disceptatio.
840 831 939 912 Quum
968 834 1069 896 dolenti
1098 841 1193 896 creent

67 927 165 987 paves
194 909 249 968 riri
279 914 308 967 ct
335 906 443 988 publici
470 906 494 967 a:
569 911 612 969 iae
641 910 792 985 demorer,
830 933 869 974 uc
897 915 970 972 inter
999 933 1049 974 eos
1077 915 1192 994 quidem

67 989 161 1046 stetim
189 987 340 1048 convenire
368 987 477 1067 potuit:
515 987 590 1048 unde
618 1009 635 1049 a
676 996 751 1062 oret,
781 993 926 1071 quomodo
955 993 1013 1052 iam
1041 999 1111 1053 tnnc
1139 1013 1191 1074 per

67 1065 213 1128 hominum
242 1067 434 1126 infirmitatem
463 1065 604 1127 Dominus
648 1069 789 1132 ctutum
819 1091 900 1131 suam
928 1073 1103 1145 exercuerit,
1132 1092 1191 1152 quo

68 1143 210 1206 humiliter
230 1163 327 1226 sapere
347 1145 475 1206 disceret.
515 1145 598 1208 Adde
622 1148 702 1228 qnod
725 1150 754 1207 in
775 1157 869 1210 coetu,
884 1150 947 1223 illo,
977 1147 1024 1210 cui
1053 1157 1191 1232 praeerat,

67 1243 166 1305 pascue
194 1231 240 1284 cst
268 1225 344 1286 varic
375 1226 474 1305 agitari
503 1227 687 1308 praecluum
715 1227 862 1290 doctrinae
890 1229 1070 1290 Christianae
1097 1236 1191 1310 caput,

65 1323 103 1362 ne
130 1307 265 1365 miremur
293 1305 317 1363 ri
347 1305 461 1384 qnarmo
489 1307 553 1386 pios
578 1247 685 1386 adoqni
713 1313 743 1366 ct
767 1306 868 1368 doctos
891 1307 1020 1368 homiues
1048 1309 1190 1389 imperitia

64 1381 121 1444 labi
149 1386 178 1444 in
206 1403 334 1445 errorem
363 1385 522 1463 contingat:
552 1385 667 1466 quidam
690 1387 767 1447 enim
790 1406 858 1446 nonu
874 1388 915 1448 ila
938 1389 1014 1448 acuti
1034 1394 1127 1462 eraut,
1157 1393 1192 1448 ut

62 1463 648 1622 tilit‘ltit’bmittititit
675 1464 869 1624 ,bitti
886 1463 1190 1624 bittittit

62 1621 235 1702 protundum
263 1621 460 1700 labyrinthum
489 1623 674 1690 conscientiae
705 1621 825 1684 aliorum
849 1629 879 1684 et
902 1643 968 1684 suae
994 1624 1087 1706 praeci
1108 1627 1187 1684 itant.

63 1701 313 1764 circumcisionem
341 1719 404 1765 erac
433 1699 570 1782 putabant
598 1707 745 1760 neumam
780 1709 810 1762 et
837 1703 998 1763 inviolabile
1027 1722 1091 1781 aym
1129 1703 1189 1762 lum

62 1781 149 1845 divini
176 1781 315 1842 foederisr
355 1779 454 1840 eadem
483 1787 545 1840 erat
574 1779 609 1840 de
637 1785 699 1840 tota
726 1779 802 1861 Lege
827 1781 939 1860 opinior
968 1801 1057 1862 quara
1080 1784 1114 1842 iu
1133 1781 1190 1842 boo

61 1863 184 1920 maxime
204 1861 309 1920 insistit
328 1857 446 1933 Petrus,
473 1865 508 1917 nt
526 1863 632 1918 etaim
651 1860 823 1939 quaestionis
841 1861 1032 1932 domonstrat,
1062 1863 1111 1939 qui
1130 1861 1189 1939 ple·

60 1941 157 2020 riequa
186 1947 249 2000 erat
277 1940 446 2019 incognitus.
491 1936 544 1996 Eat
573 1943 669 1998 antem
698 1937 861 1998 bimembris
890 1940 951 1998 eius
980 1940 1084 1997 oratioe
1123 1957 1191 1996 nam

61 2015 806 2164 iiiiiiiim²⁰r⁰i⁰ii⁸·“.s¹ii¹ui⁰ii0⁰0‘¹⁵i00¹ii¹¹
824 2017 1190 2158 etiutttltttii

59 2178 196 2252 salutem,
235 2179 260 2238 ei
288 2119 408 2256 laqugeus
438 2176 486 2236 bic
513 2175 692 2238 conscientiis
721 2140 840 2236 iniedtuo
868 2176 961 2236 fuerit.
1010 2172 1094 2234 Prior
1122 2193 1190 2252 ergo

59 2275 125 2337 pars
144 2260 176 2316 in
197 2275 254 2336 qua
272 2259 387 2329 recitat,
416 2274 449 2316 sa
472 2256 606 2316 divinitus
624 2256 711 2316 luisse
730 2255 851 2316 mireum
868 2254 904 2315 nd
924 2243 1071 2314 docendae·
1084 2259 1191 2333 gentes,

59 2342 89 2396 ct
108 2335 250 2416 Spiritum
274 2341 405 2394 canotum
429 2354 515 2416 anper
537 2336 601 2394 illae
618 2335 765 2416 delapsum
785 2353 862 2408 esec,
892 2333 949 2394 bac
978 2339 1098 2414 spectat:
1133 2351 1191 2393 non

57 2421 169 2476 temere
198 2414 233 2473 ab
263 2413 426 2473 hominibus
455 2413 604 2494 abrogatas
627 2415 714 2474 tuisne
731 2409 816 2495 Legio
841 2415 1027 2483 ceremoniae,
1055 2411 1105 2472 scd
1130 2411 1191 2472 cius

56 2496 128 2554 ebro
166 2493 251 2551 tiouie
269 2489 366 2554 Deum
385 2511 447 2556 esee
466 2500 621 2554 auctorem.
661 2492 717 2554 Ubi
746 2501 841 2554 autem
865 2495 895 2554 in
921 2492 1046 2552 medinm
1069 2490 1191 2550 adducta

56 2580 102 2633 eet
157 2571 374 2645 ciauctoritas‚
403 2573 497 2634 omnio
526 2579 658 2652 exempta
686 2579 730 2634 cst
758 2571 911 2634 dubitatio:
940 2573 1008 2652 quia
1035 2568 1107 2632 lraeo
1130 2575 1191 2628 tota

56 2657 157 2712 nostm
181 2652 318 2732 sapientie
342 2657 400 2728 cet,
429 2651 487 2712 Dei
510 2653 630 2734 imperio
728 2655 832 2712 icecere
850 2659 879 2711 et
898 2653 959 2712 cius
972 2657 1082 2710 nutum
1102 2647 1191 2730 pluris

55 2732 152 2792 lacere
183 2749 396 2810 quern-omues
423 2733 557 2792 rabones.
601 2730 686 2793 Nunc
728 2733 782 2792 etri
801 2732 888 2792 rcrln
907 2730 1068 2814 expendere
1086 2746 1190 2789 conve·

56 2813 109 2908 nit,
129 2810 356 2950 ᾳπίἶιέψοδεῐ
374 2810 508 2872 divinitae
528 2810 584 2872 boe
603 2810 733 2892 gentibus
752 2831 814 2873 csse
833 2812 941 2886 datum,
961 2815 993 2870 nt
1011 2809 1115 2872 liberae
1134 2807 1190 2868 sint

56 2911 161 2953 arno
249 2910 271 2951 s.

123 2911 313 3055 gtfosd'cttte.
351 2967 452 3032 Testes
470 2970 538 3032 illos
557 2970 695 3052 appellat,
724 2990 766 3030 ne
786 2971 821 3031 de
845 2990 877 3030 re
896 2970 1018 3032 obscura
1036 2969 1084 3030 rel
1102 2965 1190 3028 ambi·
1267 3047 1268 3052 ἵ

57 3071 112 3132 gna
142 3051 285 3132 quispiam
313 3057 397 3131 putet
425 3070 492 3111 cnm
516 3049 603 3110 verba
626 3049 777 3108 acturum.
824 3048 899 3108 Nutu
919 3051 1051 3110 omuibus
1072 3049 1189 3106 historie

57 3138 133 3192 crat:
176 3129 234 3191 nod
253 3129 395 3208 reliquum
414 3135 484 3200 crat,
503 3145 553 3189 eoe
572 3129 603 3188 in
622 3127 699 3188 clara
717 3125 782 3186 lnce
796 3130 938 3187 coecutire
957 3127 1089 3199 ostendit,
1110 3125 1188 3204 quod

59 3231 132 3291 opus
151 3149 209 3270 diet
235 3209 289 3268 n'te
312 3227 372 3268 uon
395 3207 589 3280 conciderent,
618 3208 678 3265 imo
705 3205 785 3284 quod
814 3207 923 3286 pridem
951 3225 1010 3266 uon
1034 3204 1190 3264 didicerunt

58 3290 137 3369 quod
205 3307 252 3347 am
271 3293 461 3346 monstratum
480 3287 581 3346 lucret
621 3284 764 3365 Antiquae
784 3283 844 3346 dies
862 3293 947 3344 vocat
966 3284 1078 3350 iuic'nnr
1096 3279 1189 3343 Evan-

59 3371 123 3447 gelii
149 3368 317 3449 praedicati,
347 3367 404 3425 acsi
429 3366 542 3440 diceret,
563 3364 691 3424 l’ridem:
721 3365 804 3444 quani
829 3365 956 3446 aprima
973 3362 1116 3423 Ecclesiae
1135 3361 1189 3420 orl·
1296 3365 1299 3373 “

58 3451 132 3528 gine,
152 3467 190 3506 ex
211 3465 270 3526 qno
290 3445 420 3506 Christus
440 3445 579 3526 populum
598 3445 722 3524 aliquem
741 3443 873 3584 oollipcro
893 3443 946 3502 sibi
965 3445 1069 3524 eoepit.

138 3529 240 3608 Elegit
258 3529 344 3587 Deua
367 3534 400 3586 tn
423 3527 513 3585 nobb.
553 3523 680 3584 Verbum
699 3521 799 3604 Eligen
820 3525 829 3583 i
849 3530 973 3583 statuere
991 3527 1022 3582 et
1040 3519 1189 3584 decernere
1300 3587 1304 3600 .

59 3607 213 3754 eilgnqliert:
241 3605 516 3744 quanquarpleiprul
541 3603 739 3741 complectitur
758 3601 861 3698 l'etrur
871 3611 944 3741 uqam
963 3595 1189 3739 gragffitaoqrolp'pi

59 3707 120 3826 tit
134 3706 249 3846 iiiiii
271 3705 360 3846 tit?
385 3703 624 3848 cilitiis}
642 3702 741 3823 titii:
759 3701 884 3846 litii,
902 3701 1103 3842 ”dibon
1122 3700 1190 3852 iu.

59 3847 165 3926 ptionie
184 3847 327 3926 apecimen
345 3844 443 3905 ederet
462 3845 492 3903 in
512 3843 654 3926 potibus,
684 3842 789 3915 voluit,
817 3847 851 3900 ut
874 3861 927 3922 per
945 3859 978 3900 os
997 3857 1093 3898 meum
1112 3837 1191 3898 andr·

34 3917 124 3985 'rent
152 3923 299 4004 Evangelii
333 3924 500 3986 doctorum.
555 3921 699 3982 Padicola
731 3925 774 3982 Ire
801 3923 884 3982 cotta
917 3917 1085 3980 tantundem
1113 3915 1190 3976 velet

60 4009 147 4084 atquc
165 4007 196 4064 in
215 4010 368 4084 conspectu
387 4009 503 4076 nostro,
528 4003 575 4062 vel
599 3999 681 4061 nobie
705 4001 838 4072 testibus,
863 3999 910 4060 vel
928 4001 959 4058 iu
978 3997 1073 4058 medio
1091 3995 1189 4056 norim.

59 4082 210 4162 Significat
227 4085 304 4144 enim
323 4099 354 4143 ec
373 4082 445 4142 nihil
464 4101 579 4142 umrare
603 4083 657 4142 nisi
680 4081 855 4142 familiariter
876 4079 932 4140 illie
956 4077 1116 4158 cognitum,
1145 4080 1188 4134 ut·

59 4171 130 4244 pote
200 4163 238 4224 od
267 4181 364 4224 coram
392 4161 462 4242 ipsis
492 4167 602 4244 patum
632 4167 715 4222 esset.
759 4158 903 4240 loquutio
928 4164 972 4218 eet
995 4165 1055 4216 tam
1075 4153 1189 4216 Graccis

102 4185 305 4303 arnddebraeia
323 4243 392 4301 eatis
410 4243 491 4302 trita:
520 4241 575 4301 nisi
599 4239 672 4301 sorte
691 4259 757 4302 cum
777 4240 838 4319 aliis
857 4237 1002 4300 resolvere
1019 4235 1118 4309 libeat,
1143 4230 1190 4292 lde

61 4263 146 4404 &uegit
160 4343 202 4383 ex
221 4321 277 4382 hoc
295 4327 396 4382 nosbo
415 4326 508 4380 coctu.
832 4341 833 4346 ¹

141 4405 182 4462 Et
201 4403 359 4466 oederent.
398 4398 463 4462 Hoe
486 4399 610 4484 sigsslum
634 4398 691 4460 init
708 4397 874 4460 sanciendae
892 4396 1021 4479 gentium
1040 4383 1189 4458 vocationi
