2786 4866
449 289 452 296 .
572 233 701 296 CAPUT
720 235 780 296 Vll
1047 299 1055 314 ,
1178 241 1237 304 135
1275 240 1285 309 '1

102 369 186 412 mm.
242 343 379 430 Qualem
417 345 548 413 donnum
588 347 784 416 aedificabitis
816 347 915 415 mibi?
958 349 1031 416 dicit
1064 349 1234 418 Dominus:

101 451 166 534 vel,
188 450 259 542 quis
280 449 372 518 locus
394 451 542 542 requietis
564 454 676 522 meae?
719 455 772 522 50.
795 452 912 520 Annon
934 477 1047 522 siranus
1069 479 1139 541 mea
1162 455 1235 522 iecit
1268 485 1270 492 ¹

100 556 182 626 baec
203 555 331 624 omnia?
629 551 636 560 “

181 744 229 807 tt.
274 745 694 814 amastrianensis
737 747 791 809 flio
821 747 945 808 asenna
969 746 1146 830 stephanus,
1175 734 1251 808 non'

98 843 186 964 posse
206 824 307 884 ascribi
326 825 440 906 culpam
450 823 524 898 Deo,
545 829 623 907 quod
642 828 737 887 ludaei
756 829 841 887 vai-iis
860 828 1106 908 superstitionibus
1126 847 1157 888 se
1170 827 1232 908 pol·

111 906 216 976 nen'nt,
237 903 317 981 quasi
336 923 387 962 eos
405 905 467 964 sine
485 904 567 964 freno
586 907 681 985 vagari
754 927 802 966 sus
821 907 913 966 fuerit.
943 905 1040 966 Deum
1059 909 1134 968 enim
1154 926 1231 966 man-

99 983 184 1042 dasse
204 983 285 1056 dicit,
313 983 436 1062 qualiter
455 982 491 1042 ab
510 985 578 1064 ipsis
597 986 653 1044 coli
672 1005 707 1045 ve
720 986 767 1046 let.
813 985 895 1044 Unde
918 988 1061 1065 sequitur,
1091 994 1150 1045 non
1176 987 1230 1046 alia
1350 1043 1367 1069 μ

100 1081 192 1123 cansa
215 1061 298 1122 inisse
321 1068 367 1121 tot
385 1063 527 1122 erroribus
551 1063 715 1144 implicitos,
745 1065 797 1124 nisi
821 1067 889 1145 quia
908 1067 1110 1146 praescriptum
1129 1084 1146 1124 a
1166 1063 1230 1124 Dco
1311 1074 1319 1080 ”
1333 1065 1348 1084 ”’

102 1142 227 1201 tonnam
296 1142 325 1200 ni
344 1141 494 1202 noluerint.
535 1140 708 1223 Quanquam
727 1143 833 1224 duplici
851 1163 901 1204 ecs
920 1145 1035 1204 nomine
1054 1145 1228 1226 perstringit:

101 1219 191 1299 Quod
216 1240 270 1280 una
319 1222 346 1280 ei
369 1221 468 1302 regula
492 1241 551 1282 non
570 1224 696 1283 contenti
718 1229 824 1282 temere
847 1225 902 1303 ipsi
925 1224 1032 1283 alienos
1057 1224 1150 1284 cultus
1176 1223 1230 1282 sibi

100 1299 242 1371 imnerint',
262 1299 363 1360 deinde
382 1301 460 1380 quod
479 1301 636 1382 intemplo
656 1321 772 1382 quoque
791 1307 821 1361 et
838 1302 973 1364 institutis
994 1301 1084 1362 aDeo
1104 1322 1228 1362 ceremo-

98 1381 293 1444 niissrectum
321 1379 409 1439 finem
436 1399 495 1439 nan
524 1381 685 1462 spectarint.
735 1379 810 1441 Nam
838 1401 929 1458 quum
957 1383 1110 1461 spiritualis
1135 1381 1229 1441 cultus

95 1458 234 1518 exmcitia
253 1457 309 1518 illis
329 1458 462 1518 deberent
481 1478 557 1531 esse,
586 1480 640 1540 pro
659 1477 755 1520 crasso
774 1479 828 1521 suo
847 1461 960 1542 ingenia
979 1461 1049 1520 nibil
1067 1462 1122 1520 nisi
1139 1465 1228 1520 terre·

94 1557 170 1598 num
189 1543 219 1597 et
238 1537 350 1598 carnale
369 1543 385 1597 a
407 1537 627 1620 prehenderunt:
647 1538 704 1598 boc
722 1547 775 1613 est,
793 1556 848 1636 pro
867 1557 988 1620 corpore
1005 1542 1068 1620 ipso
1088 1538 1227 1600 umbram.
1271 1597 1275 1608 ,

93 1615 237 1676 lbdcmns
256 1636 325 1697 ergo
344 1559 502 1702 invindaeis
521 1619 614 1699 primo
633 1619 802 1700 reprebendi
821 1619 996 1694 audaciam·
1010 1618 1088 1698 quod
1107 1617 1228 1698 simplici

92 1695 155 1757 Dei
174 1695 263 1756 serbo
286 1716 345 1757 non
368 1699 501 1772 contenti,
524 1703 591 1778 post
614 1715 665 1758 sna
689 1705 849 1758 commenta
869 1697 978 1778 abrepti
1000 1699 1065 1757 sint
1114 1695 1227 1757 Deinde

93 1775 267 1856 reprebendi
286 1783 501 1857 praeposterum
521 1779 582 1838 veri
601 1795 635 1838 ac
653 1777 754 1840 sinceri
773 1777 867 1836 cnltns
887 1775 1016 1850 abusum,
1036 1777 1227 1856 quiacamem

117 1875 152 1914 ro
171 1855 273 1936 spiritu
293 1857 407 1934 sequuti
425 1857 491 1916 sint.
535 1857 778 1928 Telmessium,
797 1857 898 1936 inquit,
917 1863 1075 1916 testimonii
1094 1855 1149 1914 illis
1161 1854 1224 1914 ruit

90 1877 175 2016 Ergo
204 1933 275 1996 nibil
298 1953 350 1996 eos
374 1934 487 2016 impulit
509 1935 546 1995 ad
564 1936 739 2016 peccandum
759 1953 846 2016 quam
866 1936 981 2016 propria
1000 1934 1166 1994 lasciviant
1183 1940 1225 1992 te·

90 2017 224 2076 meritas:
255 2032 322 2074 nam
347 2015 546 2096 qunmrprobc
565 2015 658 2076 edocti
680 2023 787 2088 essem,
817 2015 958 2094 quaenam
982 2017 1057 2073 essct
1080 2014 1154 2072 iusta
1178 2030 1226 2071 co-

91 2091 241 2154 lendiDei
260 2095 343 2169 ratio,
362 2093 490 2154 sublatus
510 2101 571 2155 erat
589 2096 764 2175 ignorantiae
783 2099 961 2172 praetextus:
981 2092 1060 2172 quod
1074 2091 1225 2152 observatu

90 2175 214 2255 dignum
242 2179 295 2233 est.
344 2170 419 2233 Nam
444 2193 535 2254 quum
553 2172 634 2234 Deus
657 2174 834 2234 voluntatem
853 2171 936 2232 nobis
954 2191 1036 2232 suam
1054 2169 1226 2252 patefaciens

90 2255 209 2314 amum
228 2251 440 2333 quodammodo
459 2255 596 2334 imponat,
615 2254 724 2334 sipost
743 2259 893 2334 acceptum
911 2253 972 2312 eins
991 2250 1157 2336 mandatnm
1169 2247 1226 2308 buc

89 2333 143 2394 vel
167 2332 236 2394 illuc
258 2333 447 2406 deflectimus,
476 2332 584 2416 duplex
607 2351 662 2392 nos
679 2339 775 2393 reatus
794 2339 900 2405 manet,
970 2332 978 2348 ‘
1016 2349 1115 2390 servus
1134 2329 1225 2388 sciens

90 2411 271 2474 voluntalem
281 2409 400 2472 Domini
419 2412 511 2473 suist
530 2412 713 2510 noqnfaciens
731 2413 846 2493 gravius
864 2429 921 2492 vap
970 2410 1029 2500 bie·
1042 2407 1122 2468 Haec
1130 2407 1226 2504 prima

91 2491 536 2632 t'ttttttl‘tttnt
554 2488 1225 2650 bitttatnttttf’ttntnttt

91 2651 103 2709 i
125 2645 270 2710 ololatriae
287 2652 414 2732 primum
433 2658 477 2712 est
495 2651 655 2726 discrimen,
684 2651 762 2747 quod
781 2652 821 2732 pii
839 2649 911 2710 nibil
929 2649 1040 2710 nisiex
1059 2645 1117 2706 Dei
1136 2645 1224 2706 verbo
1308 2705 1311 2714 ,

90 2727 265 2808 sumptum:
295 2730 343 2791 alii
362 2738 459 2792 autem
478 2733 528 2811 qui
585 2733 613 2792 id
632 2731 715 2806 libuit
733 2737 837 2812 putant
855 2747 917 2790 csse
936 2728 1060 2801 licitum,
1080 2733 1168 2822 atque
1186 2725 1225 2784 ita

89 2828 181 2906 suum
200 2807 347 2906 arbitrium
366 2829 420 2890 pro
439 2809 557 2906 legebo
576 2817 634 2884 ent,
654 2830 743 2907 mum
763 2808 844 2870 Deus
862 2809 933 2870 nihil
951 2807 1054 2889 probet
1072 2807 1127 2866 nisi
1147 2803 1226 2900 qnod

87 2907 159 3028 ra
195 2883 1224 3050 ‘intaminataemeleteniae:

87 3047 203 3108 minum
223 3045 371 3128 significat,
390 3048 440 3109 scd
459 3050 542 3120 ratio,
562 3067 635 3128 quae
654 3047 824 3126 exprimitur
842 3045 919 3126 apud
937 3045 1048 3119 Mosen,
1066 3045 1157 3104 xalium
1175 3061 1225 3124 ap·
1259 3099 1268 3112 ,

110 3127 255 3186 ellationis
284 3145 400 3188 cansam
425 3147 487 3189 esse
510 3127 647 3200 ostendit,
676 3125 754 3184 and
773 3145 860 3205 quem
879 3125 991 3204 saepius
1007 3143 1040 3198 re
1077 3123 1113 3182 tit
1131 3121 1224 3180 Deus:

88 3147 155 3286 Ego
185 3206 244 3266 illic
272 3207 440 3267 conveniam
468 3205 624 3264 vobiscum.
691 3223 756 3283 argo
786 3203 901 3264 loedere
928 3221 962 3262 ac
989 3221 1041 3262 ver
1060 3220 1079 3258 o
1107 3199 1225 3258 Domini

89 3291 292 3346 consecratum
311 3293 373 3346 erat
391 3283 614 3352 tabernaculum,
633 3289 662 3343 et
681 3282 740 3342 illic
755 3283 867 3343 assidue
886 3301 947 3342 vox
965 3281 1026 3342 dua
1045 3275 1225 3359 personabat,

89 3371 126 3423 ut
145 3383 162 3424 a
183 3363 307 3444 profanis
327 3361 459 3426 omnibus
477 3363 547 3423 locis
566 3363 698 3422 ditierret.

174 3445 339 3505 &suntme
360 3445 495 3523 fonnem
519 3465 615 3538 quam·
630 3445 753 3503 viderat.
793 3439 858 3500 lIoc
881 3439 917 3536 ad
941 3437 1095 3499 secundam
1113 3442 1225 3531 partem

89 3519 912 3682 ee‘censeantzsssmnrnu
935 3521 1226 3671 littam
1253 3567 1254 3572 ψ

91 3689 228 3742 externos
247 3680 330 3742 Deus
354 3701 412 3742 non
435 3685 579 3755 moratur,
608 3681 661 3740 nisi
708 3688 829 3740 itatenus
854 3678 984 3760 coelestis
1008 3677 1134 3736 veritatis
1158 3679 1225 3734 sunt

93 3759 257 3858 symbola...
285 3761 328 3820 lta
350 3767 525 3858 simeturam
549 3701 724 3856 tabernacdii
744 3755 906 3854 veterisad
924 3755 1075 3852 coelestem
1095 3754 1224 3849 archety-

90 3834 1226 4002 diiudiffldidididiiiidib⁰ir⁸i‚¹bili⁰diii¹i¹mn⁸dii

91 3997 196 4058 nosen
215 3997 322 4076 (Exodi
336 4003 386 4074 25,
405 4001 476 4080 ¹10.),
534 4006 574 4060 tat
593 4002 643 4080 qui
662 4001 742 4060 volet
760 4017 798 4058 ex
816 3998 888 4058 meis
907 3997 936 4055 in
956 3993 1105 4074 epistolam
1124 3991 1160 4050 ad
1197 4010 1225 4050 e-

89 4075 196 4138 braeos
226 4081 434 4140 commentariis
464 4021 566 4158 (tidbr.
585 4083 615 4154 8,
635 4081 687 4159 5.).
730 4077 786 4138 Hic
810 4077 934 4138 breviter
957 4081 1069 4134 tantum
1093 4071 1226 4166 admonet

90 4155 274 4239 Stephanus,
298 4159 476 4240 ¹spiritualem
498 4159 587 4219 inissa
609 4159 720 4219 cultum
738 4176 824 4240 prem
844 4155 991 4217 mandavit
1008 4152 1089 4212 Deus
1107 4149 1226 4224 ludaeis,

91 4236 145 4298 sad
164 4237 230 4298 illos
249 4259 303 4320 pro
323 4238 501 4299 carnalisne
521 4245 638 4319 stupore
656 4239 747 4298 malos
767 4256 801 4298 ac
890 4255 969 4296 ersos
987 4233 1073 4295 inisse
1090 4233 1226 4326 interpre-

94 4323 150 4376 tes.
189 4315 269 4400 Esqo
293 4317 375 4379 nenti
393 4317 518 4378 diximus
537 4317 650 4378 nullum
668 4316 783 4401 probari
801 4256 1013 4384 wantum,
1041 4313 1097 4374 nisi
1122 4331 1173 4392 qm
1197 4311 1227 4402 in

96 4395 160 4457 eins
179 4397 315 4460 mandato
333 4397 468 4458 fundatus
487 4404 544 4474 eat,
573 4398 613 4459 ita
638 4397 686 4459 bic
710 4397 845 4458 docemur
867 4393 906 4457 ad
929 4395 1084 4475 legitimum
1103 4387 1226 4450 mandab
