2754 4864
404 301 410 318 .
553 193 682 282 cisun
700 215 740 280 x
783 280 809 306 ,,
1146 229 1203 290 ιιι

167 326 321 397 Postridie
344 325 455 400 Petnrs
482 330 581 403 exivit
600 355 674 400 eum
696 331 765 417 illis,
786 329 968 424 etquidem
989 353 1030 402 ex
1051 333 1208 422 nauibus,

78 435 136 525 qui
159 457 201 503 ex
221 432 321 540 lappe
342 447 445 520 erent,
466 437 604 505 comitati
625 449 700 506 srmt
720 440 841 530 ipsums
868 439 923 508 24.
943 437 987 508 Et
1006 451 1135 532 postero
1156 443 1207 512 die

78 542 212 634 ingressi
243 551 319 610 sunt
344 540 538 628 Caesaream.
587 543 753 614 Cornelius
786 555 893 638 autem
925 545 1109 638 expectabat
1139 569 1207 634 eos,

78 648 185 716 accitis
216 648 359 741 cognatis
385 649 466 718 suis.
480 659 513 718 et
533 653 715 722 necessariis
735 652 851 720 amicis.
894 652 949 720 25.
970 653 1079 740 Quum
1100 663 1208 726 autem

77 754 295 846 ingrederetur
320 754 448 838 Petrus,
481 753 648 826 Cornelius
677 758 722 827 illi
756 779 937 858 occurrens,
968 759 1133 851 procidens
1158 759 1206 828 illi

78 860 132 926 ad·
152 861 260 952 pedes,
292 861 442 930 odoravit
497 862 551 929 26.
572 861 684 934 Petrus
698 933 699 938 ,
715 888 792 934 vero
819 889 895 935 eum
916 865 1055 946 sustulit,
1087 865 1205 951 dicens,
1260 847 1268 873 ’

79 967 201 1059 Surget
223 989 283 1060 ego
304 991 434 1059 quoque
454 967 554 1038 bomo
575 991 658 1039 eum.
696 971 751 1040 27.
772 969 815 1042 Ει
835 971 1021 1063 colloquens
1041 995 1115 1040 eum
1135 971 1207 1064 ipso
1249 1014 1254 1023 ·

80 1072 244 1164 ingressus
265 1083 326 1158 est,
352 1084 385 1142 et
404 1073 525 1143 invenit
545 1075 680 1160 multos,
702 1077 757 1168 qui
778 1087 1005 1162 convenerant,
1033 1079 1086 1146 28.
1108 1077 1209 1148 Dixit-

84 1201 152 1270 que
171 1177 246 1266 iltis,
276 1175 343 1247 Vos
365 1179 465 1263 scitis,
496 1191 533 1248 ut
557 1181 646 1250 nefas
679 1183 720 1252 sit
750 1183 872 1252 homini
897 1181 1012 1251 Iudaeo
1040 1184 1208 1253 adhaerere

80 1285 205 1352 homini
225 1283 389 1368 extraneo,
410 1286 462 1356 vel
481 1287 523 1356 ad
543 1311 619 1357 eum
639 1288 772 1380 ingredi:
792 1300 826 1356 st
846 1289 925 1357 mihi
945 1289 1036 1358 Deus
1058 1291 1208 1374 ostendit,

81 1391 205 1458 nullum
227 1391 392 1460 hominem
413 1415 618 1463 communem
638 1394 690 1464 vel
711 1393 911 1464 immundum
932 1394 1099 1466 decadum
1121 1418 1209 1467 essee

79 1497 136 1570 29.
168 1493 340 1590 Propterea
371 1495 441 1568 sine
474 1497 694 1569 cotradictiooe
715 1501 789 1570 veui
809 1500 935 1572 accitus.
991 1497 1086 1593 Rogo
1107 1501 1211 1596 igitur,

82 1627 181 1696 quam
202 1604 246 1672 ob
266 1627 394 1675 eausam
414 1628 469 1676 me
490 1605 687 1676 vocaveritis

164 1751 316 1812 Postridie
338 1759 437 1813 exind.
479 1749 658 1834 Appulerant
682 1757 716 1812 nt
739 1749 891 1814 verisimile
914 1756 959 1812 est
977 1749 1030 1812 seb
1049 1706 1212 1834 vmpcdm,

83 1829 154 1912 qula
176 1829 305 1892 nondam
327 1829 444 1892 meridie
463 1829 563 1894 urbem
581 1831 812 1913 inposuerant,
836 1849 890 1892 neo
908 1848 977 1892 vero
997 1831 1080 1890 unius
1098 1837 1210 1892 tanmm

28 1960 32 1969 .
83 1911 222 1971 mamerti
246 1909 302 1972 luit
325 1911 399 1972 visio
422 1916 468 1972 ter
490 1911 618 1993 repetita.
664 1908 810 1971 Nocturna
832 1911 842 1969 i
862 1911 918 1970 'tur
941 1911 1038 1990 quiete
1055 1910 1154 1972 relecti
1172 1929 1211 1972 ex

82 2007 138 2086 sus
159 1989 324 2052 lassitudine
348 1987 384 2050 ad
407 1989 531 2052 reditum
554 2011 586 2088 ee
610 1991 769 2086 secipguut
812 1987 850 2084 0·
874 1991 949 2050 oium
975 2009 1062 2126 pomp
1081 1989 1210 2050 humani·

84 2075 151 2130 taes
169 2067 232 2143 luri,
251 2069 331 2150 quod
344 2065 431 2131 Petro
449 2089 482 2132 so
500 2079 619 2132 oomrtes
637 2071 793 2150 adsurgunt
824 2068 918 2128 urtam
931 2087 968 2128 ex
989 2067 1116 2143 adelmus,
1135 2088 1210 2150 quos

84 2149 485 2214 atotaeoclesidmiseoeesse
501 2149 633 2212 credibile
651 2155 703 2224 est,
723 2147 784 2210 etd
822 2154 909 2209 ucunt
924 2145 1092 2209 mearam
1110 2165 1210 2230 mque.

84 2229 130 2291 Ao
154 2229 196 2290 illi
222 2229 336 2309 quidem
360 2228 574 2292 benevolentiae
597 2236 628 2290 et
650 2227 767 2290 honoris
790 2245 876 2288 cauea
900 2246 1051 2289 commune
1070 2229 1125 2306 iter
1143 2247 1210 2290 enm

83 2309 174 2370 Petro
202 2307 372 2390 suscipiunt,
401 2309 451 2370 sed
474 2307 618 2372 Dominus
642 2329 692 2370 eos
715 2307 829 2369 adducit
851 2314 885 2367 nt
907 2308 1014 2390 petiae
1038 2325 1106 2370 suae
1124 2313 1211 2368 testes

82 2387 198 2450 habeat.
235 2387 280 2449 lta
298 2387 424 2470 amplum
443 2409 512 2451 suae
537 2385 714 2472 gmtibrdinis
737 2385 896 2470 praemium
921 2385 1062 2464 referunt,
1093 2385 1163 2448 dum
1181 2387 1213 2448 in

84 2469 156 2564 fidei
192 2483 262 2529 suae
296 2467 540 2532 taulirmatioaem
573 2467 681 2532 Christi
708 2488 826 2551 mgnum
861 2465 898 2528 ad
930 2472 1030 2550 gentes
1062 2467 1213 2552 propagari

85 2547 220 2690 viden&
260 2631 410 2692 Gemellae
428 2630 613 2712 exspectabat
631 2650 689 2692 eoa.
727 2626 811 2688 Pium
832 2625 957 2688 Cornelii
975 2627 1108 2690 allectam
1121 2623 1214 2688 Lucas

86 2727 150 2769 uon
168 2713 280 2768 matum
298 2707 353 2770 hae
369 2710 401 2770 in
419 2717 500 2792 parte
519 2709 624 2785 laudat,
644 2707 722 2789 quod
740 2705 819 2768 Petri
837 2708 991 2770 adventum
1004 2707 1214 2790 eupideexspe·

87 2787 223 2862 carnit,
246 2785 296 2849 ved
319 2789 398 2869 quod
422 2789 528 2850 amieos
553 2796 583 2850 et
606 2795 743 2870 cognatos
762 2785 828 2848 {idei
847 2787 941 2848 socios
959 2786 1063 2849 habere
1081 2787 1213 2848 voluerit.

85 2867 147 2930 Res
166 2874 243 2928 certe
261 2868 389 2950 periculo
403 2889 462 2930 non
480 2869 603 2944 carebat,
621 2876 765 2929 catenam
783 2867 931 2928 hominum
944 2886 1048 2928 vocare
1066 2873 1216 2930 otnovam
1340 2931 1347 2952 ⁸

85 2949 255 3030 religionem
273 2947 347 3008 srrsci
385 2956 456 3010 rent.
494 2947 556 3010 Nec
574 2949 690 3008 deerant
707 2947 832 3010 rationes
852 2967 972 3028 quarum
991 2947 1142 3028 praetextu
1160 2945 1215 3011 ribi

85 3027 211 3090 blandiri
230 3034 334 3123 posset.
381 3047 454 3109 oque
471 3030 549 3090 enim
567 3029 638 3088 alios
657 3029 687 3086 in
706 3027 871 3088 societatem
890 3046 993 3088 vocare
1011 3026 1215 3102 insemiuerat,

87 3109 160 3189 quin
199 3114 275 3168 otrus
293 3107 350 3168 illis
368 3107 525 3189 praeteritis
545 3125 620 3168 nnus
637 3104 732 3168 luerat
750 3104 884 3179 delectus,
903 3107 954 3186 qni
971 3106 1044 3164 tanti
1061 3103 1130 3164 boni
1138 3125 1216 3166 oom-

88 3207 144 3270 pos
272 3187 323 3248 aed
341 3195 481 3268 quantum
498 3193 528 3248 et
536 3185 593 3247 Dei
610 3185 716 3267 gloriae
734 3189 765 3246 et
782 3185 903 3244 urnam
912 3184 995 3244 saluti
1005 3182 1127 3256 deberet,
1136 3181 1215 3264 apud

89 3286 123 3328 ee
141 3267 297 3349 reputavit:
316 3269 444 3348 iniquum
462 3286 534 3344 esee,
553 3273 587 3328 ιιι
604 3272 675 3339 erat,
693 3263 1055 3342 etinhnmanumagnovit‚
1073 3280 1217 3342 quemque

89 3347 147 3407 silai
169 3347 300 3428 privatim
325 3347 472 3410 consulere
490 3347 611 3409 atioram
629 3345 739 3406 rationo
758 3341 930 3422 posthabita:
954 3341 1053 3403 foedae
1071 3341 1217 3402 socordiae

88 3445 156 3488 esse
175 3426 271 3499 duxit,
291 3427 422 3490 defodere
441 3425 494 3488 sub
512 3433 618 3486 terram
637 3423 783 3501 Evangelii
801 3421 975 3484 thesauram.
1003 3419 1080 3485 Erro
1099 3422 1217 3504 praesti-

88 3507 127 3603 tit
152 3506 231 3588 qnod
249 3503 396 3604 pominus
424 3525 477 3588 per
495 3505 614 3568 lesaiam
632 3510 662 3564 et
680 3501 838 3564 Michaeam
855 3521 874 3564 a
893 3503 951 3564 suis
971 3465 1101 3598 omnibus
1120 3500 1214 3580 requi-

88 3585 564 3728 vit„
576 3581 1107 3756 stenar

90 3743 176 3806 nobis
198 3765 230 3806 ee
254 3747 389 3827 patefacit
405 3743 501 3822 Deus,
529 3745 623 3808 lucem
641 3744 726 3806 buius
745 3743 863 3804 notitae
882 3762 940 3804 nan
959 3760 1022 3804 esse
1040 3741 1151 3824 ignavia
1170 3740 1220 3800 vel

91 3829 174 3886 metu
196 3827 272 3888 iubas
295 3827 503 3902 suffocandum,
532 3825 582 3888 aed
601 3825 697 3907 potius
716 3823 837 3884 dandam
856 3842 973 3906 operam
991 3839 1068 3894 ease,
1096 3827 1131 3882 ut
1148 3817 1219 3880 lidos

90 3910 192 3966 nosue
213 3906 277 3966 eliis
300 3906 337 3966 ad
360 3905 571 3968 monstrandam
594 3905 671 3966 viam
714 3904 862 3966 raelnoeat.
910 3899 1010 3984 Neque
1028 3901 1104 3961 enim
1123 3918 1157 3962 aa
1176 3903 1220 3962 est

89 3985 173 4066 regni
196 3985 343 4048 coelorum
366 3985 537 4062 beneditus,
559 3985 635 4046 unde
653 4003 673 4044 v
719 3984 836 4047 minima
852 3984 946 4065 portio
964 3979 1046 4043 nobis
1066 3979 1219 4054 decrescat,

89 4066 118 4126 si
142 4065 226 4126 multi
243 4065 282 4128 ad
299 4085 363 4128 eam
381 4065 605 4150 par‘o‘eipendam
623 4063 736 4126 admissi
754 4063 872 4138 luerint,
887 4064 965 4145 ¹quin
987 4061 1081 4144 potius
1099 4059 1221 4144 gloriam

91 4151 224 4208 noemam
245 4145 362 4227 augebit
384 4145 573 4208 mansuum
596 4145 729 4206 senessia.
767 4141 986 4204 Observandum
1005 4147 1149 4223 praeterea
1167 4147 1220 4218 est,

92 4244 184 4306 quam
213 4225 314 4308 promi
342 4225 416 4288 absit
440 4225 476 4286 ab
492 4227 574 4288 omni
593 4225 788 4286 ostentatione.
826 4221 920 4284 Vocat
938 4223 1013 4284 enim
1033 4227 1065 4282 ut
1083 4221 1219 4284 madiaci-

93 4304 182 4386 pulos
196 4303 317 4382 babeat,
347 4311 463 4388 paratus
486 4307 547 4389 ipse
571 4305 608 4367 ed
632 4304 804 4367 dieeendm.
843 4302 908 4364 lloe
926 4321 1027 4384 veram
1045 4309 1090 4364 est
1107 4301 1220 4384 pietatis

94 4383 238 4465 sudium,
256 4385 308 4450 ubi
328 4405 385 4452 una
403 4405 470 4450 eum
487 4385 551 4453 aelo
570 4385 635 4448 talis
654 4390 773 4470 apparet
791 4383 967 4468 simpliciter,
986 4387 1019 4446 ιιι
1037 4402 1096 4446 non
1115 4381 1221 4464 pudeat
