2716 4856
375 141 381 166 '
472 185 602 250 carm
621 181 716 250 xvu
764 181 779 188 ·
1111 195 1170 260 aa

38 308 144 368 minum
173 305 352 388 imposturis,
381 320 438 364 nee
461 321 492 364 sc
521 302 607 364 outml
629 303 722 364 nostrl
747 321 834 367 cocco
859 301 982 366 aduro
1002 307 1113 388 impetu
1132 310 1169 372 ad

38 387 273 526 ,upum
292 381 467 528 {tltttm
480 379 1171 526 tttttlttdttttttttttttffl·

38 473 82 608 llll
101 486 196 626 phtius
216 542 414 625 promptitudo
433 504 501 604 chus
523 543 629 606 iudicio
648 542 742 602 media
760 545 835 603 inter
852 543 1000 604 levitatem
1020 551 1051 606 et
1070 489 1171 608 conl&

38 628 150 686 nnciam
174 624 318 686 statuitur.
359 619 445 682 Nunc
469 621 605 683 solvenda
630 629 675 682 est
694 623 818 682 munda
837 622 969 696 obiectio,
989 623 1171 692 Dubitationt
1240 673 1243 680 .

38 706 171 766 :ontraria
189 710 234 764 est
253 701 338 764 tides:
350 703 409 782 =qui
428 702 549 797 inquirit
568 699 689 798 dphitnt:
709 721 779 782 ergo
799 703 928 783 seqnitur
937 701 1169 766 Thessalonicen·

38 807 83 858 ras,
104 803 195 863 quum
215 783 252 843 de
265 780 349 842 Pauli
367 781 497 842 doetrma
516 774 748 864 luqmnmt'tido
767 781 861 842 adhue
873 783 962 842 fuisso
976 803 1092 847 vacuos.
1117 788 1170 847 At-

50 867 80 924 ui
98 861 325 945 iideilrertitndo
336 860 649 926 confirmationcmnou
659 860 792 941 impedit:
813 861 1069 938 confirmationem
1085 885 1171 940 voco,

51 965 100 1003 um
124 945 215 1038 magis
239 959 274 1002 ac
298 942 388 1036 magis
412 940 545 1002 cordibus
565 939 855 1038 uostrisobsiprratur
874 941 930 1002 Dei
951 945 1069 1020 veritas,
1093 965 1170 1026 quae

38 1043 125 1082 amen
142 1042 224 1118 prius
244 1019 328 1118 dubia
346 1040 406 1081 uon
424 1027 494 1081 erat
526 1017 668 1118 'blxempb
687 1029 792 1113 graba,
811 1020 936 1081 Audiam
956 1033 995 1082 ex'
1011 1022 1168 1120 Evangelio

38 1099 317 1262 hhghihrelslbxplblthl
336 1097 1169 1260 Iplrlliehhlhhmlhstbssohiblnltqhbhlautblulletlddlncrlnceihll

38 1269 128 1320 rostra
147 1261 172 1320 si
190 1261 316 1341 penitius
333 1262 477 1335 exouthm
496 1258 676 1341 Scripturas,
697 1267 851 1321 occurrent
869 1257 991 1324 subinde
1014 1263 1070 1324 alio
1089 1265 1167 1324 testi·
1269 1317 1273 1324 .

38 1359 242 1494 diritati
266 1339 869 1500 :murmuraremus
885 1339 1167 1503 turritam

38 1499 92 1559 iam
117 1519 158 1560 ex
177 1496 348 1580 Scriptum
376 1498 498 1562 lectione
527 1497 642 1580 proiicit
670 1497 750 1558 tides.
799 1498 833 1559 st
879 1501 923 1560 uis
950 1519 1065 1560 rursum
1089 1502 1164 1560 exei-

38 1579 91 1654 riat,
108 1597 216 1660 parum
235 1579 413 1639 auctoritatis
432 1578 558 1639 tribuere
576 1597 627 1638 eos
646 1577 791 1638 doetrinae
805 1575 847 1638 Pa
880 1580 899 1654 ¹,
920 1580 970 1658 qui
990 1579 1166 1661 exscriptu-

38 1659 62 1717 is
87 1657 266 1738 disquirunt,
286 1677 323 1719 au
346 1658 389 1720 ita
407 1677 454 1718 res
473 1655 590 1732 babeat,
610 1656 784 1738 mpondeo,
812 1659 884 1718 tales
903 1677 966 1720 esse
985 1659 1052 1720 iidei
1070 1660 1165 1756 prose-

38 1745 99 1813 tus,
127 1745 162 1798 ut
195 1737 342 1798 interdum
368 1755 407 1797 ex
425 1735 582 1816 Scripturie
612 1741 766 1816 quaerant,
796 1735 835 1797 de
861 1757 921 1816 quo
946 1739 1003 1798 iarn
1028 1739 1164 1800 divrnitus

38 1817 148 1878 ›emuasi
166 1824 255 1892 snut,
273 1823 304 1878 ot
321 1815 428 1878 habent
445 1816 564 1876 interius
583 1813 707 1896 Spiritus
727 1815 928 1876 testimonium.
950 1815 1089 1878 EtLucas
1104 1837 1168 1884 noa
1239 1871 1242 1883 ,

38 1897 108 1956 idem
132 1897 270 1958 omnibus
299 1897 426 1958 numeris
450 1895 612 1956 meatuum
634 1895 665 1954 iu
689 1893 989 1964 Thessalonicensibus
1008 1896 1163 1976 praedicat,
1188 1937 1189 1940 ,

38 1977 206 2038 adtentum
225 1982 444 2052 commemorat,
468 1974 594 2056 qualiter
612 1974 716 2034 initiati
735 1973 841 2040 herim
861 1973 991 2044 Christo,
1002 1981 1045 2042 ,et
1064 1975 1185 2055 quales*

38 2056 133 2118 otido
157 2055 277 2118 secedat
300 2074 483 2140 progressus,
513 2053 605 2114 donec
623 2053 753 2143 solidum
777 2054 889 2134 pietatis
908 2051 1070 2116 aediticium
1088 2053 1162 2115 inter

38 2156 70 2198 m
89 2143 227 2279 etxtslahll
241 2199 329 2277 multi
339 2216 463 2354 feder·
480 2214 674 2275 aedtdnuat.
713 2209 780 2272 Non
799 2213 924 2274 retertur
942 2212 978 2274 ad
998 2213 1159 2294 proximam

38 2297 205 2370 natantium,
234 2297 318 2376 quasi
340 2295 348 2310 “
372 2295 532 2373 ἰηιιοτιιω
557 2293 687 2358 meminit
711 2291 825 2352 delectu
844 2291 940 2352 habito
961 2293 1076 2354 credere
1094 2313 1158 2354 eoo·

38 2375 129 2435 erint:
155 2380 230 2434 esset
248 2375 324 2434 enim
342 2371 415 2432 illud
434 2371 598 2432 absurdam.
636 2369 695 2432 Sed
715 2370 846 2453 intelligit
863 2369 970 2447 Lucas,
990 2373 1057 2510 prtia
1076 2373 1160 2433 multi

38 2456 135 2514 lorum
160 2453 293 2533 exemplo
316 2452 500 2526 accesserint,
522 2456 636 2512 audam
658 2450 747 2518 fure
770 2452 799 2510 iu
825 2451 874 2515 illa
898 2451 970 2512 urbe
1019 2450 1160 2512 eclesiam.

38 2534 57 2592 :r
80 2533 220 2592 hactenns
243 2529 359 2612 quidem
370 2530 531 2613 primordia
549 2529 810 2592 Thessalonicensis
828 2530 963 2592 eocleaim
983 2531 1081 2591 retulit
1100 2529 1157 2592 Lu·

38 2631 82 2686 as,
110 2627 150 2670 uc
174 2610 239 2692 quis
262 2609 368 2671 subito·
380 2617 411 2670 et
433 2611 561 2672 violento
579 2605 662 2670 Ponti
687 2610 813 2670 discessu
832 2617 948 2690 putaret
964 2611 1026 2670 eius
1045 2609 1157 2670 laboras

38 2691 151 2750 oriisses
181 2690 237 2751 nisi
260 2691 335 2752 enirn
359 2689 444 2750 vaith
462 2689 559 2764 fallor,
579 2689 636 2751 hoc
654 2690 773 2750 coasilio
793 2693 946 2770 antequam
966 2690 1002 2750 ad
1022 2690 1155 2750 exsilium

38 2777 180 2831 :eroeenso
198 2767 463 2846 venustatorum
482 2788 569 2852 quem
587 2769 618 2832 iu
638 2769 726 2830 altera
742 2767 816 2832 urbo
830 2771 989 2852 protulerat
1003 2769 1063 2830 eius
1073 2788 1154 2851 prae-

38 2851 121 2911 icatio
140 2852 320 2933 interposuit.
707 2894 711 2901 -
770 2859 773 2866 ’

96 2933 146 2992 13.
168 2933 243 2992 Osse
260 2938 465 3014 sagramentas
484 2931 600 2992 [adad.
619 2927 757 2990 Videmus
772 2945 860 3010 quarn
869 2927 1049 3008 implacabile
1059 2927 1154 2990 Evau-

38 3009 82 3070 elii
101 3009 201 3070 odirrm
220 3009 341 3070 ludaeos
359 3008 418 3068 hac
436 3009 505 3068 illuc
524 3009 661 3089 rapuerit:
680 3027 775 3086 aeque
794 3008 870 3075 caim
890 3007 996 3084 solum,
1014 3029 1104 3087 quum
1120 3010 1153 3068 il-

38 3109 51 3148 s
70 3107 170 3148 coram
186 3087 309 3149 otiamur
322 3086 455 3147 Christus
473 3087 565 3160 domi,
587 3085 698 3148 mhiose
720 3089 815 3166 ipsum
840 3086 970 3158 eiiciant,
993 3087 1044 3145 sed
1063 3106 1156 3166 quum

38 3167 85 3228 libi
104 3167 226 3228 audiunt
249 3165 419 3248 praedicari,
441 3172 580 3304 tantppam
602 3164 683 3226 iuriis
702 3165 803 3244 perciti
821 3163 892 3224 illuc
910 3164 1055 3224 advolant.
1094 3163 1155 3225 Sed
1265 3215 1270 3230 ,

38 3267 75 3306 on
100 3255 163 3307 tanr
185 3246 270 3306 anius
293 3245 385 3326 gentis
407 3243 489 3304 furor
527 3241 538 3260 ‘

527 3265 555 3305 rc
568 3245 655 3304 nobis
673 3242 894 3307 considerandus
912 3251 971 3318 est,
999 3263 1087 3324 quam
1106 3244 1153 3304 de·
1273 3251 1280 3260 “

38 3332 129 3389 serata
147 3324 271 3386 Satanae
290 3323 406 3400 matida,
425 3325 477 3404 qui
494 3343 561 3385 suos
581 3325 617 3384 ad
635 3323 809 3384 turbandum
824 3321 930 3382 Christi
1000 3341 1069 3382 nam
1088 3343 1141 3404 per
1272 3337 1274 3342 ’

38 3397 198 3488 undamque
219 3404 369 3469 hominnm
391 3405 513 3464 salutem
532 3404 662 3484 instigat,
684 3407 716 3464 et
734 3403 789 3463 iliis
808 3403 890 3483 quasi
908 3401 981 3462 flabo
1004 3404 1028 3462 is
1047 3401 1084 3461 ad
1102 3422 1152 3463 cs·

38 3487 148 3548 itaudos
166 3491 262 3546 motus
281 3485 379 3546 utitur.
413 3481 513 3564 Quare
531 3482 662 3556 mamus,
717 3501 773 3561 ¹um
791 3487 837 3544 tat
854 3480 940 3542 hodie
958 3482 1024 3542 fidis
1044 3481 1152 3544 Christi

38 3566 151 3626 rinistris
163 3565 263 3629 furiosi
275 3563 374 3624 hostes
388 3582 419 3626 se
437 3569 598 3644 opponunt,
616 3583 675 3622 nou
704 3561 792 3624 ellum
805 3560 840 3622 ab
854 3561 1017 3622 homiuibus
1031 3562 1151 3636 moveri,

38 3645 65 3706 sd
82 3644 222 3709 satanam
241 3642 381 3706 mendacii
399 3649 510 3725 patrem
529 3641 600 3704 haec
619 3643 715 3703 omnia
734 3640 904 3718 machinari,
924 3649 957 3702 ut
981 3641 1088 3702 Christi
1106 3660 1151 3702 re·
1222 3693 1226 3708 ,
1299 3713 1302 3720 ¹

38 3743 103 3786 num
120 3729 241 3787 eredat.
260 3722 374 3803 Quodsi
393 3743 453 3784 non
471 3721 570 3786 eadem
589 3741 702 3818 semper
719 3723 775 3782 orit
786 3721 943 3818 proeliandi
958 3720 1059 3794 torma,
1078 3741 1151 3780 nnn·

38 3821 103 3865 nam
121 3813 219 3866 tamon
238 3803 354 3865 desinet·
367 3801 472 3878 Satan,
491 3821 566 3883 qnos
584 3801 705 3864 tidebter
725 3800 839 3862 Christo
860 3802 968 3862 servire
983 3801 1082 3876 uniit,
1102 3799 1150 3860 vel
1270 3843 1275 3850 .

38 3892 112 3963 per-to
132 3890 234 3960 marte,
252 3883 301 3946 vel
319 3883 436 3960 insidiis,
454 3881 504 3944 vel
522 3881 684 3947 domesticis
704 3884 789 3944 etiam
805 3879 1004 3976 certaminibus
1020 3879 1147 3960 fatigare.

76 4137 154 4208 Ι-16,
174 4135 293 4208 Pardus
318 4145 426 4206 antem
453 4156 555 4230 qaum
576 4133 708 4206 Athenis
730 4157 787 4204 eos
808 4115 1018 4225 suspectaret,
1040 4135 1144 4203 inean-

38 4241 162 4314 escebat
188 4242 315 4338 spiritus
342 4242 411 4315 eius
437 4243 581 4338 inipso,
613 4265 714 4336 quum
735 4241 858 4310 videret
878 4239 1073 4310 idololatriae
1096 4242 1146 4310 do·

38 4348 110 4420 itam
137 4353 303 4432 rimamur
344 4349 392 4446 47
424 4349 617 4444 Disputabat
643 4348 735 4444 igitur
757 4349 791 4419 in
813 4347 981 4441 Syuagoga
1004 4347 1078 4418 cuu’r
1100 4347 1146 4414 iu-
