2804 4850
625 55 633 66 ἱ
662 71 669 91 Ι

607 99 616 138 l

192 282 252 343 292
576 269 616 333 nt
634 267 777 334 EVANG.
797 265 927 338 ioann.

193 391 380 454 ministerium
408 387 536 450 islsnnr.
586 385 692 448 Unicus
714 393 759 448 est
777 383 920 444 Ecclesiae
939 383 1068 466 magister
1087 383 1238 462 Christus,
1267 385 1319 448 sed

194 473 350 532 doctrinam
379 485 474 540 snam,
502 467 582 544 cuius
605 467 737 548 magister
759 460 868 548 prtinus
894 463 999 540 luerat,
1027 465 1118 526 voluit
1140 465 1247 528 dendo
1266 483 1319 549 per

193 551 349 632 Apostolos
367 565 435 607 suos
453 545 614 628 praedicari.

271 633 320 690 21.
350 629 409 688 Sed
426 628 496 687 doec
507 635 623 687 ‚omnim
661 623 738 704 Quia
757 623 933 720 prodigiosus
952 629 997 682 est
1015 623 1112 684 inundi
1129 622 1225 702 liii-or,
1245 620 1319 688 du'ni

192 711 231 770 ita
251 710 281 768 in
298 705 398 768 saliitis
417 725 484 766 suae
504 706 660 802 doctrinam
678 705 796 778 insanit,
825 719 937 800 oousm
957 702 1042 764 stlert
1060 702 1203 800 Christus,
1232 703 1317 786 qnod

192 779 1316 960 nnssiictffiini:

192 944 331 1006 ratiollei
350 963 424 1025 quae
443 945 579 1002 mundum
599 945 682 1024 rapit,
702 949 735 1002 ut
753 941 857 1001 bellum
874 939 1108 1002 interiectionis
1126 961 1186 1003 non
1197 942 1315 1002 dubitet.

193 1025 314 1106 Semper
331 1043 400 1104 ergo
419 1021 547 1082 habenda
566 1029 611 1082 est
628 1039 729 1082 musae
747 1023 829 1095 ratio,
847 1039 901 1082 nec
918 1021 984 1082 elilii
1004 1039 1075 1082 vern
1095 1021 1252 1082 consolatio
1266 1029 1320 1096 est,

192 1123 281 1185 quam
299 1105 329 1164 iu
348 1102 509 1164 testimonio
527 1102 619 1162 bonae
638 1101 831 1162 eonscientiae
863 1099 937 1160 Hinc
955 1101 1043 1160 etism
1062 1099 1100 1162 sd
1119 1100 1320 1184 gratitudinem

192 1183 316 1265 erigendi
334 1187 402 1242 sunt
420 1181 516 1254 animi,
535 1181 623 1262 qnod,
642 1165 711 1240 duni
729 1181 759 1240 in
778 1180 913 1240 menois
933 1197 985 1240 sna
999 1179 1125 1240 mundns
1134 1182 1218 1277 perit,
1239 1177 1319 1240 Deus

193 1283 246 1324 nos
265 1282 317 1324 sua
335 1263 398 1322 tuoe
417 1261 546 1341 dignutus
566 1265 617 1320 est.
656 1259 763 1320 luteos
782 1260 935 1325 tenendum
953 1265 1012 1334 est,
1035 1258 1142 1322 Christi
1162 1259 1261 1320 odiuiii
1280 1277 1320 1319 ex

193 1351 309 1424 stupore
332 1341 435 1401 mentis
454 1341 620 1418 provenire,
648 1359 738 1419 quum
757 1337 837 1400 Dens
860 1360 919 1400 uon
943 1339 1128 1420 cognoscitur.
1177 1337 1253 1400 Nam
1284 1345 1319 1398 iit

193 1441 278 1501 saepe
306 1421 385 1493 dico,
413 1437 500 1480 coeca
528 1426 571 1478 est
595 1419 792 1492 incredulitas,
816 1438 875 1478 iioii
900 1419 978 1500 quod
1001 1417 1069 1480 nihil
1092 1418 1248 1498 intelligant
1267 1417 1317 1476 vel

193 1501 315 1560 sentiant
337 1499 431 1579 impii,
459 1495 511 1558 sed
535 1499 601 1577 quie
620 1497 769 1558 conlusnni
788 1505 832 1558 est
851 1497 986 1580 quicquid
1004 1497 1105 1560 habent
1122 1499 1252 1572 notitiae,
1283 1503 1318 1558 et

194 1579 289 1666 statius
309 1579 460 1638 evenerit.
499 1573 566 1656 Qua
585 1577 620 1638 de
639 1595 671 1638 rs
689 1577 755 1638 nitri
773 1579 916 1659 copiosius
933 1579 1060 1644 tmotari.

285 1734 340 1801 22.
361 1734 398 1802 Si
418 1757 484 1802 nois
506 1733 674 1818 venissem,
694 1743 728 1802 et
744 1732 902 1825 loquutus
923 1733 1054 1802 fuissem
1075 1733 1131 1814 eis,
1150 1741 1320 1826 peceatum

195 1861 262 1936 non
284 1839 449 1908 habereiit:
469 1863 556 1910 nune
577 1829 684 1908 sutem
705 1840 941 1908 excusationem
962 1863 1028 1910 noii
1050 1839 1168 1911 habent
1188 1839 1228 1907 de
1248 1861 1320 1929 pec-

194 1955 266 2012 cato
294 1969 364 2014 suo.
413 1945 466 2013 23.
498 1945 562 2034 Qui
588 1970 641 2016 me
668 1944 748 2028 odit,
779 1943 905 2014 Patrem
938 1969 1068 2039 quoque
1100 1968 1211 2014 menni
1242 1943 1318 2012 odit.

194 2050 249 2118 24.
284 2049 320 2118 si
342 2073 437 2142 opera
458 2073 524 2119 non
547 2051 689 2120 iecissem
711 2052 883 2136 intereos,
915 2051 996 2144 quae
1017 2076 1113 2120 nemo
1135 2050 1215 2118 nlius
1236 2049 1320 2129 iecit,

192 2165 358 2247 peceatum
379 2179 446 2234 non
467 2157 630 2226 haberent:
657 2179 742 2226 nunc
763 2168 868 2226 nutem
891 2169 924 2227 et
945 2159 1101 2242 viderunt,
1127 2168 1159 2226 et
1181 2157 1321 2224 oderunt

194 2272 260 2330 tuin
281 2286 334 2330 me
356 2285 452 2352 quom
473 2261 599 2332 Putrem
619 2287 739 2330 meum.
783 2263 837 2332 25.
869 2263 935 2334 Sed
961 2277 998 2332 ut
1022 2263 1185 2354 impleatur
1205 2283 1319 2330 senno

192 2367 327 2459 scriptus
348 2367 382 2434 iii
403 2365 489 2466 Lege
511 2392 633 2452 eorum,
654 2369 749 2455 Quod
771 2369 907 2438 odeniiit
927 2395 980 2439 me
1001 2369 1101 2463 gratis.
1126 2368 1180 2438 26.
1202 2368 1320 2455 Quum

193 2482 300 2539 autern
327 2471 448 2540 venei-it
469 2471 664 2554 Paracletus,
697 2499 794 2565 quem
826 2500 885 2568 ego
913 2478 1037 2544 mittam
1062 2475 1152 2542 robis
1174 2499 1193 2541 a
1213 2473 1321 2554 Patre,

193 2577 329 2667 Spiritus
356 2577 508 2661 veritatis,
540 2579 595 2670 qui
616 2604 635 2648 e
657 2579 748 2649 Patre
775 2583 932 2674 procedit,
964 2583 1016 2651 ille
1043 2579 1257 2650 testificabitur
1278 2579 1319 2647 de

193 2705 256 2765 nie,
287 2681 341 2748 27.
363 2679 406 2750 Et
426 2707 486 2751 vos
509 2684 603 2752 etiam
623 2686 840 2756 testinnonium
862 2688 988 2758 redditis
1009 2687 1084 2775 (vel,
1105 2697 1203 2756 testes
1219 2685 1320 2776 estis),

192 2785 266 2875 quia
287 2785 328 2879 ῂ
348 2787 438 2854 initio
459 2790 534 2858 estis
555 2813 690 2860 meeum.

173 2890 206 2918 ⁹⁴
271 2917 320 2976 22.
360 2917 395 2976 Ss'
423 2937 484 2978 ison
511 2927 657 2981 cesum
696 2919 784 3000 Quod
808 2921 927 2985 ludaeos
958 2923 1067 2986 dixerat
1091 2921 1157 2982 odio
1202 2922 1317 3000 rosequi

192 2991 393 3073 Evangeliuni,
419 2997 485 3076 quia
504 2995 599 3060 Deum
617 3019 676 3060 non
695 3012 910 3082 cognoscerent,
934 3023 970 3063 ne
990 3007 1053 3084 quis
1072 3003 1128 3063 lioc
1147 2941 1243 3062 'valere
1261 3020 1318 3096 pii·
1388 3057 1389 3074 ,

193 3078 267 3132 tsrct
296 3071 333 3131 ad
361 3073 510 3171 levandam
535 3097 634 3173 sonim
657 3080 785 3162 culpans,
815 3083 927 3144 subiicit
949 3103 998 3143 eos
1022 3083 1143 3177 maligne
1163 3086 1316 3154 coecutire,

193 3151 587 3296 fflnffirglioduigibnsi'quisf
599 3160 854 3300 elnutdacthoculoss,
871 3183 909 3301 ge
928 3163 1020 3222 lucein
1040 3179 1166 3257 aspicere
1186 3167 1314 3256 cogatur:
1387 3239 1388 3245 ἵ

130 3299 136 3306 ,
342 3253 392 3313 qui
448 3254 553 3298 recum
584 3259 657 3300 uisse
726 3249 804 3304 rislo.
846 3263 856 3300 i
895 3249 985 3302 utrem
1003 3249 1086 3300 tuum
1104 3245 1245 3320 ignorant,
1264 3259 1316 3318 qni

194 3309 227 3370 lit
246 3316 279 3371 ut
296 3331 397 3410 eumin
416 3317 505 3412 errori
523 3337 581 3376 non
600 3322 765 3380 succurras?
789 3321 850 3382 Cur
863 3321 1035 3384 non.saltem
1046 3321 1167 3391 ienusii,
1187 3337 1316 3414 enpror—
1386 3373 1387 3411 ,

192 3411 242 3450 siis
261 3399 355 3452 essent
374 3392 510 3455 indociles
528 3400 636 3458 necne?
674 3397 850 3480 Respondet,
869 3421 900 3460 se
919 3401 986 3462 boni
1005 3419 1040 3460 ao
1059 3399 1108 3458 lidi
1127 3399 1251 3460 doctoris
1271 3397 1316 3456 ot-

192 3470 257 3530 tieio
278 3472 457 3551 perfunctum
476 3495 552 3552 esse,
571 3478 621 3537 sed
640 3479 699 3538 sine
717 3480 861 3560 prolecto,
880 3483 947 3560 quia
965 3499 1016 3540 eos
1034 3480 1140 3539 mulitia
1157 3477 1194 3538 ad
1211 3495 1316 3536 sanans

192 3559 317 3610 mentem
335 3553 427 3614 redire
445 3573 527 3636 passo
546 3577 605 3618 nou
623 3557 715 3618 luerit.
764 3557 855 3620 Porio
880 3559 933 3620 suli
951 3560 1064 3620 illorum
1083 3575 1201 3640 persona
1219 3561 1316 3615 terro·

190 3650 251 3690 ieci
272 3632 396 3691 iiiontcic
415 3635 544 3696 omnibns
563 3637 663 3712 voluit,
682 3638 733 3718 qui
747 3635 803 3698 Dei
822 3640 969 3708 veritatem
988 3639 1034 3700 vel
1052 3637 1104 3698 sibi
1124 3637 1247 3698 oblataui
1267 3655 1314 3694 re·

191 3715 308 3789 spuunt,
328 3711 375 3770 vel
394 3713 536 3790 cognitam
554 3716 683 3778 volentes
703 3726 875 3799 oppugnant.
905 3717 967 3778 Etsi
986 3725 1081 3778 autem
1099 3715 1163 3778 illos
1177 3713 1315 3778 terribilis

192 3795 288 3852 manet
307 3787 363 3848 Dei
382 3791 514 3868 vindicte,
534 3791 663 3856 Christos
682 3803 776 3858 tamen
795 3815 864 3858 snos
883 3797 1036 3880 discipulos
1055 3797 1102 3858 liic
1120 3797 1211 3878 iringis
1225 3797 1315 3878 respi-

191 3866 257 3960 cit,
274 3875 306 3926 ut
330 3871 559 3966 eerturictoiiae
581 3873 685 3936 lidueis
703 3895 753 3936 cos
777 3879 896 3954 enimet,
924 3898 961 3938 ne
984 3877 1098 3958 qnando
1127 3875 1315 3938 succumbant

190 3962 342 4084 illiti
360 3947 671 4094 illiniti*
688 3957 922 4100 “lmudllml
940 3959 1003 4098 ‘⁰25
1021 3959 1139 4032 ‘'lm‘’
1158 3956 1313 4096 llum

190 4099 311 4160 Videtur
329 4048 444 4166 inlliugere
463 4053 593 4173 chiisdls
611 4052 782 4189 hissldeeldi,
809 4115 900 4176 solani
918 4060 1140 4178 illliedlliullll
1160 4077 1316 4210 peecatunl

188 4197 262 4238 esse:
287 4187 317 4240 et
336 4192 401 4243 sont
420 4187 522 4265 quilius
540 4193 582 4252 ita
600 4191 719 4254 videtur.
768 4193 945 4274 Augustinus
964 4197 1079 4336 guidem
1098 4215 1188 4274 inagis
1208 4193 1314 4266 sobrie,

188 4257 238 4318 sod
257 4265 353 4353 tuineu
372 4263 407 4322 od
427 4285 496 4363 euin
511 4288 625 4332 sensnm
643 4271 757 4334 accedit.
786 4272 860 4334 Nam
880 4277 947 4355 quio
987 4275 1035 4337 des
1054 4275 1172 4337 remittit
1190 4279 1222 4333 et
1236 4273 1309 4336 delet

164 4389 166 4394 .
187 4346 512 4480 llsslhffillliulffll
530 4369 620 4488 uniam
639 4370 700 4490 οιέο
718 4353 918 4416 incredulitatis
937 4353 1314 4452 peccatumquoddainnet.

462 4465 471 4497 ‚
500 4446 576 4504 quan
596 4450 665 4510 oqui
682 4451 727 4492 ein
751 4453 809 4492 non
826 4435 915 4505 niodo
935 4436 1029 4496 obstat
1047 4433 1245 4510 incredulitas,
1275 4453 1313 4493 ns
