2804 4850
175 241 241 302 aba
559 229 613 294 -ΙΝ
632 227 926 293 masturbatus.

202 348 356 410 relreadere
375 330 564 408 nullo'm'odo·
578 341 718 429 pitaranta
737 349 740 358 '
758 343 823 406 Non
839 363 911 428 ergo
930 345 1057 408 vatieinia
1083 347 1142 411 illis
1163 351 1171 374 ¹
1189 355 1314 416 remittit

181 370 218 491 de
237 427 322 488 rohos
340 434 406 510 post
423 445 524 488 eornm
543 435 666 488 mortem
684 427 798 500 iubaris,
814 425 868 485 sed
881 431 992 485 tantum
1000 427 1141 508 signifieat
1181 434 1188 449 '
1247 434 1314 496 lore

176 509 263 597 regni
281 507 328 567 sui
343 514 486 582 naturam,
502 514 532 566 et
550 507 671 588 gloriam
688 507 773 588 longe
792 507 928 580 amionem
948 513 1230 585 quamnnneanimis
1241 533 1311 574 eon-

180 593 276 672 eipere
294 588 414 668 possim:
442 585 832 668 Cuiusaueuaaesapientiac,
942 605 995 666 per
1002 583 1155 649 Ecclesiam
1166 593 1311 653 coelestes

175 667 410 809 quoquelanqeh
429 685 497 762 cuqr
514 665 830 804 aqlmirphpnlqedimunt
865 663 1310 803 'ph.3,1p.),rtesaumst’au-

194 766 302 888 ”aiil
315 765 423 904 iiii
436 753 563 886 {timei
580 765 696 906 lari
715 763 811 906 titt
829 763 1033 884 {iiiiii
1050 749 1309 910 {adstitit

174 847 256 971 'idon
274 913 351 967 eoas
369 908 504 989 laquear
522 928 542 966 o
560 913 717 984 ammtpao.
765 902 949 963 Confirmatio
975 911 1021 964 ast
1042 903 1120 965 illius
1164 910 1310 984 arherdae,

56 1005 61 1020 ι
181 991 280 1050 naara
302 1007 353 1046 ooo
372 994 405 1046 to
423 1004 536 1046 omnem
549 995 705 1046 weitaim
744 981 857 1044 Scimm
875 983 984 1043 ionum
993 985 1121 1045 veritatis
1162 1005 1229 1047 eum
1239 1007 1310 1064 esse,
1395 989 1396 1002 ¹

181 1074 269 1148 atque
286 1071 369 1126 extra
387 1083 454 1125 eum
473 1064 545 1124 nihil
562 1083 623 1124 esse
644 1065 714 1124 oe'rti
732 1063 778 1125 vel
793 1062 882 1124 solidi.
903 1060 1000 1140 Quare
1010 1069 1044 1122 ut
1053 1063 1179 1144 Spiritus
1189 1067 1312 1128 oraculis

174 1148 295 1230 ¹plenam
315 1151 380 1204 tuto
398 1143 550 1204 adhibeant
567 1141 650 1204 iidem
671 1142 811 1224 Apostoli,
832 1141 964 1204 Christus
984 1143 1080 1202 divina
1099 1141 1163 1206 lore
1182 1165 1308 1226 pronun·

180 1229 243 1300 tiat,
262 1225 344 1306 quasi
364 1224 467 1284 diceret
484 1242 601 1283 manare
619 1221 710 1282 aDeo
729 1224 792 1304 ipso
813 1221 948 1303 quicquid
958 1219 1081 1304 Spiritus
1096 1225 1232 1285 attulerit.
1253 1223 1310 1286 Ne
1395 1257 1396 1264 κ

173 1303 684 1446 .t·ttttt¹a¹²¹⁵lttltt³¹²ltt‘
702 1301 1311 1466 ⁸li¹tltt⁶⁵ltatttttttttt²
1395 1311 1396 1318 Ν

177 1464 259 1544 Quia
277 1465 353 1522 enim
371 1469 490 1544 propter
507 1425 602 1522 veludr
622 1461 819 1543 interpositum
839 1481 899 1521 non
918 1462 986 1520 satis
1004 1463 1186 1543 assequimur,
1196 1470 1306 1544 quantu
1395 1451 1396 1456 ἵ

181 1545 339 1605 reverentia
358 1544 490 1623 excipere
509 1540 608 1602 deceat
627 1561 700 1622 quae
718 1541 801 1602 nobis
819 1539 1066 1622 revelatSpiritua,
1084 1539 1148 1602 ideo
1167 1561 1307 1624 expressa

179 1623 217 1683 lit
235 1623 388 1700 divinitatis
407 1623 522 1696 mentio,
543 1621 782 1701 quemadmodum
801 1619 867 1681 alibi
886 1629 1005 1681 vocatur
1022 1621 1120 1696 amha,
1145 1641 1204 1702 qua
1220 1621 1307 1682 nubis

180 1709 272 1766 ratam
290 1698 448 1762 lacitDeus
468 1701 588 1761 salutem
607 1707 743 1773 nostram,
763 1707 793 1760 et
811 1701 935 1782 sigillum
955 1721 1013 1780 quo
1033 1703 1092 1761 eius
1106 1701 1309 1762 certitudinem

180 1781 266 1845 uobis
283 1781 412 1862 obsignat
430 1779 522 1862 (Eph.
542 1785 575 1856 1,
600 1781 675 1860 rt).
723 1781 757 1840 ln
776 1800 900 1856 summa,
931 1780 1033 1841 docere
1053 1779 1186 1842 Christus
1205 1780 1309 1856 soluit,

180 1861 339 1923 docuinam
358 1860 482 1942 Spiritus
501 1881 559 1921 non
578 1861 640 1921 lore
663 1861 762 1922 mundi
786 1861 871 1921 huius
894 1861 953 1921 aosi
980 1861 1011 1921 in
1040 1867 1107 1922 aire
1134 1866 1308 1936 nascamur,
1395 1919 1396 1928 ,

180 1943 232 2005 sed
249 1963 288 2003 ex
307 1941 435 2002 eoelestis
447 1942 603 2001 sanctuarii
621 1940 714 2020 adytis
732 1941 918 2022 prodituram.

260 2023 308 2084 14.
327 2021 397 2103 qm
413 2043 460 2082 me
477 2021 666 2104 glorificabit.
704 2020 764 2080 lam
783 2019 1065 2096 admonetChlistns,
1084 2027 1310 2082 notarenturnm

180 2099 203 2162 S
223 2102 334 2176 iritum,
353 2101 404 2184 qui
422 2121 531 2160 novum
549 2101 663 2181 aliquod
682 2118 801 2182 regnum
821 2102 860 2160 eri
879 2108 918 2174 at,
938 2101 988 2160 sed
1006 2103 1101 2181 potius
1115 2102 1166 2182 qui
1180 2100 1312 2160 stabiliat

180 2123 300 2264 glirium
319 2183 359 2242 illi
379 2179 502 2242 aPutre
521 2180 624 2242 datam.
654 2179 738 2240 Multi
756 2181 833 2240 enim
843 2121 988 2240 Cirristum
1008 2181 1134 2240 docuisse
1152 2181 1309 2254 somniant,

173 2269 290 2324 tanturm
312 2269 346 2322 ut
364 2259 523 2322 rudimenta
542 2261 674 2335 undaret,
693 2267 793 2342 postea
803 2261 955 2356 discipulos
973 2259 1308 2355 transmitterettnalfio.
1395 2241 1396 2328 ζ

173 2357 242 2403 nem
261 2341 396 2402 scholam.
420 2341 491 2402 lieo
503 2341 595 2401 modo
605 2339 790 2421 EvangeHum
809 2337 1309 2494 plurrsnonlaorrrntqqaprlaaqurlp,e
1395 2359 1396 2450 q

180 2440 256 2502 quae
271 2421 453 2502 paedagogus
471 2421 558 2480 fuisse
576 2423 679 2479 veteris
697 2420 798 2501 populi
817 2420 918 2479 dicitnr
937 2417 1018 2496 (Gal.
1038 2422 1072 2492 3,

180 2519 308 2562 errorem
326 2502 397 2560 alter
416 2500 504 2560 nihilo
523 2499 696 2559 tolerabilior
715 2501 851 2580 sequitur,
871 2500 948 2580 quod
969 2498 1085 2559 Christo
1102 2499 1199 2557 aalma
1217 2499 1311 2572 iusso,

130 2621 133 2630 ,
181 2581 240 2642 acsi
257 2598 346 2660 regno
418 2579 530 2638 iunctus
547 2578 619 2638 nihil
638 2597 716 2638 nuno
734 2586 817 2652 esset,
837 2579 975 2662 Spiritum
989 2580 1090 2638 ineius
1099 2575 1312 2638 looumsubro·

180 2665 258 2742 gant.
297 2657 343 2718 Ab
383 2677 419 2716 oe
437 2657 516 2716 lonte
535 2655 661 2740 Papatus
680 2665 711 2718 et
721 2657 890 2719 hlalronretis
906 2659 1047 2739 sacrilegia
1057 2659 1213 2717 fluxerunt.
1233 2653 1310 2715 Nam
1395 2665 1396 2676 ²

180 2739 235 2797 etsi
253 2738 326 2796 inter
344 2755 375 2794 se
393 2737 489 2796 multis
501 2739 537 2796 'in
557 2739 641 2798 rebus
661 2745 728 2798 sunt
747 2740 895 2798 dissimiles
914 2739 960 2798 isti
974 2737 1140 2812 antichristi,
1156 2755 1309 2796 commune

179 2825 277 2877 tamen
300 2816 389 2898 princi
410 2817 470 2874 ium
495 2815 611 2876 habent:
640 2816 796 2900 Evangelio
821 2819 936 2900 quidem
954 2837 1007 2877 nos
1027 2815 1130 2878 initiari
1148 2818 1178 2876 in
1198 2823 1309 2876 restam
1395 2829 1396 2868 1

180 2895 282 2969 fidem,
301 2895 351 2955 sed
371 2837 484 2956 aliunde
502 2897 651 2976 petendam
671 2918 732 2960 esse
753 2900 897 2960 doetrinae
917 2897 1135 2979 perfectionem,
1160 2915 1234 2976 quae
1251 2915 1309 2956 nos
1395 2951 1396 2954 ,

66 2987 70 3001 “
179 2977 293 3059 penitus
312 2977 446 3058 expoliat.
486 2975 519 3036 Si
539 2976 633 3059 Papae
653 2977 783 3040 obiicitur
802 2979 961 3060 Scriptura,
981 2977 1040 3038 illie
1059 2977 1309 3036 haerendumesse

177 3059 276 3137 negat,-
294 3057 362 3138 quia
381 3055 503 3137 Spiritus
524 3057 723 3139 superveniens
742 3059 840 3120 multis
859 3059 1055 3118 additamentis
1069 3057 1308 3138 supraillamnos
1395 3121 1396 3134 χ

180 3138 284 3197 evexit.
323 3135 497 3197 Mahometes
517 3139 661 3218 praedicat
680 3139 740 3198 sine
759 3157 813 3199 suo
832 3139 974 3198 Aleorano
984 3138 1114 3198 homines
1124 3153 1307 3216 semperma·

175 3231 248 3278 nere
266 3235 379 3299 pueros.
409 3214 492 3277 Faba
511 3217 607 3298 itaque
625 3217 749 3300 Spiritus
769 3226 920 3299 praetentu
939 3219 1090 3278 fascinatus
1108 3213 1309 3290 fuitmundus,

178 3304 214 3358 ut
232 3315 250 3357 a
269 3295 389 3377 simplici
408 3295 514 3356 Christi
533 3301 653 3378 puritate
663 3295 831 3359 diseederet*
852 3296 926 3358 Nam
936 3298 1052 3358 simulne
1061 3294 1309 3378 SpiritusaChri·

179 3379 217 3437 sti
242 3395 373 3441 sermons
402 3375 558 3450 divellitur,
587 3377 756 3458 quibuslibet
781 3369 885 3438 deliri'rs
909 3385 939 3438 et
959 3371 1129 3458 imposturis*
1145 3383 1239 3457 aperta
1259 3381 1309 3434 est

179 3458 273 3518 ianuh.
312 3456 443 3516 Similem
461 3455 578 3516 fallendi
596 3459 672 3516 viam
691 3465 836 3518 tentarunt
855 3459 911 3518 hoe
935 3457 1048 3517 saeculo
1072 3455 1156 3516 multi
1178 3453 1307 3514 fanatici.

49 3568 60 3610 ,1
179 3533 328 3610 Doctrina,
348 3555 421 3616 quae
439 3539 545 3618 scripta
564 3544 616 3612 est,
635 3537 690 3596 illis
708 3539 770 3598 visa
789 3537 966 3598 estliteralis.
994 3535 1183 3674 Novarneppo
1192 3533 1317 3594 theolo-⁴

180 3619 254 3697 pam
274 3617 423 3678 excludere
442 3618 558 3698 placuit,
577 3635 651 3696 quae
669 3635 707 3676 ex
725 3618 944 3679 revelationibus
963 3623 1114 3676 constaret
1162 3613 1309 3674 uuovide-

179 3716 244 3757 mus
264 3715 350 3780 quam
369 3715 427 3756 non
446 3713 621 3777 supervacua
638 3695 724 3756 luerit
739 3696 845 3758 Christi
863 3697 1028 3771 admonitio,
1047 3696 1126 3777 quod
1145 3688 1197 3777 piar
1215 3691 1309 3774 Spiri-
1395 3685 1396 3764 Ϊ

179 3782 255 3852 turn,
275 3795 361 3857 quem
379 3777 519 3836 missurus
537 3781 608 3848 erat,
627 3775 826 3856 glorificandus
845 3785 920 3836 esset
938 3784 971 3836 ut
990 3778 1137 3843 sciremus,
1156 3795 1216 3834 non
1236 3773 1309 3832 alias
1395 3793 1396 3820 ι

179 3871 241 3913 esse
259 3863 355 3936 partes
373 3853 496 3936 Spiritus
515 3855 604 3914 saneti
623 3874 709 3935 quam
728 3863 761 3916 ot
780 3877 899 3937 regnum
910 3855 1015 3916 Christi
1034 3853 1169 3930 stabiliat,
1187 3860 1216 3914 et
1227 3853 1310 3932 quie
1395 3893 1396 3900 κ

180 3931 248 4014 qnid
267 3933 308 3992 illi
327 3953 345 3994 a
362 3933 448 3994 Patre
467 3935 563 3994 datum
582 3941 626 3994 est
644 3943 752 3996 emerat
770 3936 934 4017 sanoiatque
952 3937 982 3995 in
1001 3941 1184 4016 perpetuum.
1209 3931 1310 4012 Quoru-
1395 3949 1396 3980 t

46 4011 52 4016 '
180 4031 244 4071 sum
262 4014 348 4092 igitur
367 4012 489 4094 Spiritus
510 4015 656 4076 doctrina?
684 4012 750 4075 Non
769 4024 802 4076 ut
821 4037 874 4076 nos
894 4015 1014 4075 abducat
1032 4035 1049 4074 a
1070 4015 1167 4075 schola
1187 4011 1309 4109 Chrlsb’3
1395 4013 1396 4082 f

179 4091 230 4150 sed
248 4093 343 4171 potius
362 4099 395 4151 ut
413 4101 474 4154 rata
493 4096 530 4153 sit
547 4113 607 4154 vox
626 4094 684 4169 illa,
703 4115 760 4175 qua
779 4095 908 4156 iubemur
926 4096 1021 4176 ipsum
1040 4095 1146 4154 audi-e.
1186 4092 1311 4174 Alroqur
1395 4143 1396 4162 ,

180 4169 286 4230 Christi
305 4171 410 4250 gloriae
430 4173 595 4234 detraheret
640 4175 764 4236 Additur
789 4178 877 4251 ratio,
908 4177 942 4236 de
961 4197 1024 4236 meo
1046 4182 1183 4255 occipiat,
1213 4172 1311 4254 inquit
1395 4195 1396 4216 ¹

179 4249 323 4310 Christus:
344 4249 445 4330 quibus
465 4253 557 4313 verbis
577 4254 728 4336 signifieat,
752 4273 805 4314 nos
824 4257 853 4315 in
874 4255 951 4315 hunc
970 4254 1056 4314 finem
1076 4251 1216 4336 Spiritum
1237 4255 1310 4312 reri·
1395 4233 1396 4258 ¹

178 4349 255 4410 pere,
262 4335 309 4469 Cup
324 4329 808 4474 bpineslgqiissuisufkruaprpntugnid
826 4337 902 4432 euim
916 4331 1309 4475 aqlqitqlqpqlertzblltablua·
1328 4405 1332 4411 Ι

158 4423 243 4472 'mur
308 4429 345 4469 ns
437 4429 530 4490 garns,
600 4430 698 4476 anea
763 4431 942 4495 perornant
1053 4433 1123 4488 rnn
1162 4429 1309 4494 rspeeea·
