2700 4844
171 179 231 243 Μ
406 231 409 239 ι
565 172 606 236 {N
626 171 890 237 afflaratosr.

172 297 241 368 tiae,
265 291 316 354 sed
339 291 418 356 omnl
444 291 558 355 sinislra
576 292 737 372 suspicione
755 289 892 352 eximitur
911 287 1048 350 Ananiae
1064 290 1165 370 pietas
1186 291 1264 372 apud
1278 291 1315 350 la·

174 375 270 440 dacos,
305 369 394 450 Quod
413 378 508 432 antem
528 391 587 432 uno
609 369 694 432 verbo
714 372 808 432 vuum
828 362 924 430 Panlo
946 371 1093 446 restituit,
1112 371 1189 432 inde
1211 384 1315 452 apparet

173 455 308 516 divinitus
327 454 445 512 missum
463 471 534 527 esse,
554 451 793 533 quemadmodum
813 469 902 530 supra
921 449 1074 510 admonui.

216 549 219 556 '
253 533 301 596 14.
321 537 405 594 Deus
421 526 548 614 potrum
571 539 749 592 nostrorum.
792 527 889 590 Siculi
913 529 987 590 nihil
1019 531 1060 590 ad
1084 550 1143 591 nus
1170 531 1338 592 incilaudss,

176 613 271 696 aptius
290 620 343 689 est,
363 620 396 673 ut
415 613 545 672 alacriter
564 611 600 670 ad
615 610 711 671 Deum
729 629 890 694 pergamus,
910 630 1002 692 quem
1017 611 1070 678 nbi
1090 609 1196 670 Deum
1205 615 1313 690 agmera-
1337 613 1338 630 ¹

175 713 239 752 mus
269 693 391 773 gratuita
416 711 468 754 sua
492 691 618 752 bonitate
643 691 724 752 nobis
743 710 912 764 occurrere,
931 697 964 750 ut
984 691 1183 752 ab'interitn
1200 696 1233 750 ad
1248 695 1312 750 dam
1337 695 1338 710 ¹

175 793 229 834 nos
253 779 381 846 revocet,
407 774 446 834 ila
470 773 535 832 hinc
560 771 669 832 orditur
688 772 822 832 Ananias.
864 767 962 840 Deus,
988 771 1108 850 inquit,
1128 779 1163 830 te
1183 771 1310 832 destinarit
1337 789 1338 848 l

136 861 147 884 ·
174 859 414 992 pjlcognoscepes
437 853 612 991 voluumpem
636 871 731 927 snam:
755 851 795 910 sie
814 850 898 992 cpim'
911 849 1022 991 Panslpls
1036 850 1308 990 ιῖἀιιιοηεωιώιιι
1337 883 1338 928 l

204 951 424 994 eoresecum
507 950 737 994 cemoreva
776 949 826 992 se
859 949 948 990 asna
1015 951 1034 989 u
1145 952 1211 992 rsus
1259 951 1307 988 rer·

174 1019 232 1072 sus‘
248 953 330 1074 erati)
347 975 441 1094 atque,
456 953 506 1073 ihu
514 1011 571 1072 Dci
596 951 809 1092 phedetiirhto
835 1031 936 1072 omncs
960 951 1205 1092 praepariffm
1221 1011 1310 1079 amus
1337 955 1338 1044 l

175 1112 248 1173 quas
268 1091 419 1174 sophistae
438 1091 634 1172 imaginantur,
654 1092 736 1170 quasi
755 1089 845 1150 libero
864 1111 918 1150 suo
939 1089 1063 1153 arbitrio
1084 1091 1176 1150 homo
1196 1098 1309 1150 enters-

175 1179 248 1234 teret
272 1171 329 1232 Dei
358 1173 485 1253 gratiam.
532 1171 626 1232 Deum
651 1169 773 1235 Patrem
795 1171 928 1230 vocando
956 1171 1126 1232 memoriam
1151 1172 1309 1252 promissio

175 1273 244 1314 rrum
269 1259 402 1326 renovat,
432 1260 466 1312 ut
491 1253 581 1312 sciant
600 1250 708 1325 Iudaei,
737 1251 918 1312 coniunctam
944 1251 1001 1310 illis
1023 1270 1085 1310 csse
1103 1269 1216 1310 novam
1235 1249 1310 1308 Pauli

175 1335 370 1405 vocationem,
394 1351 428 1392 ac
452 1331 566 1392 minime
586 1351 603 1390 a
623 1328 699 1410 Lege
720 1329 850 1395 deficere
861 1332 914 1410 qui
934 1329 973 1390 ad
990 1329 1127 1400 Chrbtum
1150 1335 1308 1390 mont.

175 1410 252 1491 Ergo
276 1411 321 1472 his
345 1411 437 1472 verbis
462 1409 612 1474 confirmat
631 1408 753 1486 Paulus,
777 1409 856 1490 quod
876 1411 958 1490 prius
975 1411 1006 1470 in
1021 1428 1070 1468 soa
1085 1427 1211 1488 persam
1229 1428 1303 1468 asse·

127 1537 131 1548 .
175 1493 242 1564 ruit,
262 1511 294 1552 se
312 1509 370 1552 non
389 1510 451 1550 esse
470 1489 581 1550 haustu
600 1509 648 1550 am
667 1509 685 1549 a
705 1487 770 1550 Deo
789 1489 935 1564 Abrahae,
955 1497 987 1550 ct
1006 1491 1053 1569 qui
1067 1489 1121 1548 ism
1137 1489 1206 1548 olim
1225 1487 1303 1567 apud

173 1569 291 1638 Iudaeos
311 1569 406 1630 cultus
424 1570 527 1644 suerat,
546 1511 600 1629 sed
617 1589 732 1630 manere
750 1572 782 1630 iu
800 1571 890 1630 veteri
908 1576 940 1632 ct
959 1572 1051 1650 partio
1067 1568 1152 1642 cuhn,
1168 1588 1253 1648 quem
1264 1586 1302 1626 ex

173 1642 249 1730 lege
263 1649 406 1712 didicerat.
427 1647 528 1728 Quare
544 1647 594 1710 nbi
610 1649 645 1710 de
660 1649 795 1732 religione
810 1651 912 1731 agitur,
929 1649 1072 1716 discemus
1082 1647 1254 1708 Pautiexem
1297 1660 1319 1718 ,t

106 1745 111 1758 ·
173 1749 231 1790 non
252 1730 399 1810 imaginari
418 1747 527 1790 novum
548 1732 710 1810 quempiam
731 1727 840 1804 Deum,
857 1736 890 1789 nt
908 1731 1041 1790 lecerunt
1056 1727 1191 1808 Papistae
1210 1735 1242 1788 et
1255 1725 1308 1784 ⁸la-

173 1809 358 1884 hometislae,
382 1803 470 1888 at'quc
493 1815 526 1870 nt
549 1809 684 1870 haeretim'
707 1829 806 1870 omnes
826 1811 935 1882 solent,
959 1810 1011 1868 sed
1031 1809 1209 1868 minumus
1226 1805 1311 1866 Deum

175 1890 268 1966 illum,
288 1891 339 1970 qui
358 1910 389 1950 se
409 1887 542 1950 Patribus
562 1889 631 1950 olim
649 1896 711 1950 tum
731 1888 821 1968 Lege,
841 1896 904 1950 tum
924 1890 1012 1948 variis
1032 1887 1164 1948 oraculis
1181 1888 1311 1968 patefecit

175 1968 255 2032 Haeo
273 1977 317 2031 est
335 1977 462 2040 vetustas
480 1971 510 2030 in
531 1988 588 2052 qna
608 1969 689 2030 nobis
707 1969 880 2044 manendum
899 1977 958 2043 est,
982 1989 1044 2028 non
1071 1988 1133 2050 qna
1153 1967 1260 2030 [rusus
1275 1989 1311 2026 so

174 2049 310 2132 perhimit
328 2047 470 2132 Papistae,
491 2051 541 2132 qui
559 2049 706 2108 nuncium
724 2049 777 2108 sibi
792 2047 889 2108 Deum
902 2048 1093 2122 fabricarunt,
1114 2069 1212 2128 quum
1229 2049 1284 2108 ale
1297 2049 1311 2095 ’-

175 2131 251 2192 timis
271 2129 404 2190 Patribus
428 2131 603 2190 desciverint.
649 2128 727 2190 Idem
752 2127 838 2188 hodic
862 2129 898 2188 de
916 2127 1030 2190 Indaeis
1052 2129 1230 2204 dicendum,
1276 2149 1310 2187 uo

174 2229 241 2270 rma
260 2209 359 2292 religio
380 2231 471 2294 quum
491 2207 594 2291 aLege
612 2216 641 2270 et
661 2205 813 2290 Prophetis
833 2208 926 2268 aliena
945 2209 993 2280 sit,
1013 2207 1105 2269 deum
1120 2229 1247 2290 quoqne
1296 2209 1302 2222 '
1337 2223 1338 2292 p

174 2289 252 2358 cium
271 2296 302 2350 el
321 2289 490 2374 degenerem
510 2309 571 2350 esse
591 2296 717 2385 oportet:
737 2306 803 2347 nam
821 2289 873 2368 qui
890 2289 964 2348 'olim
975 2285 1060 2348 Deus
1070 2286 1214 2350 Abrahae
1233 2287 1310 2350 ella·

173 2375 253 2432 hum
283 2371 338 2431 dici
367 2370 473 2444 voluit,
502 2376 635 2452 apparuit
663 2369 778 2429 demum
807 2369 836 2428 in
856 2367 920 2428 Filii
946 2370 990 2428 sni
1107 2389 1165 2443 ns,
1195 2377 1231 2429 ut
1252 2387 1312 2428 nnec

173 2449 653 2612 perscrutatrlpttr
673 2447 1004 2610 {tutelas}
1016 2389 1311 2589 *hamas

172 2549 300 2670 hhuniam
325 2611 448 2691 gratuita
468 2572 524 2668 D'ei
549 2609 688 2669 electione
711 2607 816 2669 lactum
842 2625 917 2683 esse,
938 2615 973 2669 ut
996 2628 1078 2669 nunc
1099 2607 1193 2668 Panlo
1212 2607 1311 2667 illncmt

173 2685 321 2769 Evangelii
341 2691 457 2748 veritas:
480 2687 556 2747 unde
576 2689 719 2768 sequitur,
744 2709 803 2756 noa
822 2687 909 2748 fuisse
929 2687 986 2748 hoc
1006 2689 1153 2770 adeptum
1170 2705 1219 2748 sua
1237 2687 1310 2746 indu
1337 2703 1338 2740 1

173 2768 259 2841 stria,
283 2767 362 2846 quad
383 2769 469 2828 etiam
488 2769 529 2828 sci
550 2786 587 2826 ex
609 2768 929 2830 erientiamonstravit:
949 2769 1023 2830 nihil
1045 2769 1124 2830 euim
1141 2767 1228 2827 Panlo
1246 2787 1310 2826 eoa-

172 2847 330 2921 tumacius,
358 2845 451 2905 donec
480 2865 546 2906 eum
568 2788 699 2910 Christus
729 2847 850 2930 subegit.
891 2847 986 2908 Causa
1012 2856 1112 2909 sutura
1134 2853 1162 2907 et
1182 2847 1306 2926 otigosi

173 2925 337 3005 miseritur,
360 2923 397 2984 ad
418 2922 472 2984 Dei
492 2927 659 3001 consilium,
685 2947 744 3008 quo
765 2928 927 3008 designatus
946 2934 1006 3003 est,
1028 2949 1089 2988 nou
1104 2931 1213 2986 mour
1229 2923 1303 2984 am-

173 3005 250 3079 nles,
275 3012 306 3066 et
324 3011 402 3067 certe
421 3005 572 3088 pretiosior
591 3025 637 3068 res
656 3013 713 3081 cst,
738 3008 916 3069 voluntatem
936 3005 993 3068 Dei
1018 3025 1202 3089 cognoscat,
1221 3024 1306 3084 quam

173 3091 207 3146 nt
231 3085 291 3147 huc
318 3107 372 3146 suo
398 3092 489 3146 marte
513 3088 684 3172 perveniant
709 3086 847 3148 homines.
892 3083 981 3166 Quod
1007 3097 1115 3149 autem
1136 3085 1253 3146 ailiemat
1273 3084 1306 3144 de

173 3163 266 3226 Paulo
286 3167 424 3239 Ananias,
440 3167 480 3244 'ad
501 3187 600 3226 omncs
621 3167 768 3228 transferri
788 3167 885 3244 debet,
903 3167 971 3227 fidei
989 3167 1165 3230 thesaurum
1183 3187 1241 3228 nan
1258 3185 1312 3226 esse
1337 3199 1338 3220 ι

63 3292 65 3300 ,
174 3245 306 3308 omnibus
326 3249 488 3328 promiscue
507 3248 679 3328 expositum,
699 3245 747 3308 sed
769 3248 865 3308 electis
884 3247 1069 3328 peculiariter
1092 3249 1203 3309 offerri.
1232 3245 1311 3306 Porro

173 3346 315 3407 quaenam
341 3329 379 3386 sit
401 3328 536 3387 voluntas
560 3329 613 3388 ista
633 3325 705 3401 Dei,
734 3346 772 3386 ex
796 3329 930 3408 proximo
949 3327 1084 3388 membro
1108 3328 1217 3388 clarius
1236 3333 1311 3408 patet
1337 3371 1338 3392 ι

70 3429 73 3436 ·
172 3407 356 3480 numerian
381 3409 457 3468 enim
481 3407 636 3488 multisque
660 3407 752 3468 modis
771 3407 909 3488 loquutus
928 3405 1010 3466 Deus
1031 3427 1086 3490 per
1107 3428 1183 3468 suos
1204 3405 1309 3486 Propi*
1337 3435 1338 3480 l

172 3489 227 3558 tes,
246 3488 401 3548 novissime
419 3488 450 3548 in
469 3484 604 3546 snoFilio
626 3485 803 3550 voluntatem
822 3506 904 3548 snam
924 3505 958 3548 ac
978 3507 1009 3548 se
1026 3493 1128 3548 totum
1145 3487 1241 3548 solide
1249 3493 1307 3568 pm·

155 3563 241 3624 decit
263 3565 312 3639 (ad
328 3565 416 3626 Hehr.
436 3567 520 3644 init).
559 3593 564 3602 ·
683 3617 686 3624 .
873 3610 879 3616 .
1043 3615 1046 3622 .

257 3645 379 3706 Vectem
399 3649 526 3708 lustum.
567 3643 667 3724 Quum
692 3667 791 3708 omnes
816 3645 875 3708 fere
900 3645 994 3728 graeci
1020 3645 1142 3708 codices
1165 3649 1199 3709 in
1218 3665 1307 3708 mm

173 3723 265 3787 linum
284 3744 373 3806 genus
394 3727 585 3801 consentiant,
607 3728 695 3787 miror
714 3746 766 3786 cur
779 3725 905 3796 Erasmo
919 3727 1009 3808 magis
1031 3725 1190 3805 placnem‘t,
1209 3729 1240 3788 in
1259 3746 1309 3786 nes

173 3811 220 3866 tro
238 3831 241 3836 ·
259 3823 343 3864 encre
362 3812 490 3877 vertere,
516 3803 604 3884 Quod
624 3808 731 3868 iustum
752 3813 808 3868 est:
834 3826 921 3888 quem
941 3825 1057 3866 sensum
1079 3807 1188 3866 vident
1206 3808 1310 3868 laetus

172 3825 307 3966 trigidum
334 3890 365 3945 et
384 3893 515 3946 coactum
534 3905 606 3946 csse.
647 3883 708 3966 Ego
728 3887 904 3966 itaquenon
924 3885 1039 3960 dubito,
1063 3887 1140 3966 quin
1164 3885 1262 3948 lustns
1278 3885 1311 3944 hit

171 3985 226 4044 pro
247 3964 364 4028 Christo
389 3972 531 4038 sumatur,
562 3972 593 4026 et
617 3969 754 4026 concinne
776 3967 840 4026 duit
864 3965 921 4026 hoc
943 3964 1032 4026 modo
1053 3973 1234 4042 contextus,
1262 3968 1310 4046 qo't

172 4045 303 4124 sequitur
322 4045 459 4106 continno
481 4052 560 4126 post,
584 4045 694 4106 Audias
712 4043 815 4106 uocein
834 4066 873 4106 ex
892 4065 943 4106 ore
961 4047 1034 4106 eins.
1077 4043 1213 4108 Canum
1232 4055 1309 4108 sntm

170 4120 228 4180 hoc
257 4125 363 4182 sanctis
388 4123 520 4183 omnibus
545 4143 688 4204 summum
712 4125 941 4198 suisse⁴votum‚
970 4131 1004 4184 ut
1028 4123 1143 4186 Christi
1170 4135 1313 4208 conspetu

170 4197 228 4258 frui
251 4199 357 4258 liceret.
401 4199 471 4263 Inde
495 4202 622 4264 manavit
647 4205 695 4264 illa
710 4203 853 4266 Simeonis
872 4200 1024 4280 consessio,
1045 4201 1135 4265 Nunc
1158 4205 1316 4268 dimittisis

169 4293 243 4414 flacc
261 4291 377 4366 qepvum
397 4285 491 4356 tuunq
511 4279 649 4342 Domine:
670 4285 737 4363 quia
757 4283 889 4362 viderrmt¹
909 4283 986 4345 oculi
1004 4286 1062 4344 mci
1073 4283 1218 4348 Salutate
1240 4295 1317 4346 tumn

198 4369 247 4418 aaa
260 4357 354 4438 (igtur
372 4355 460 4432 ruia,
484 4361 567 4422 cnirrs
587 4361 810 4446 desideriopios
829 4361 923 4446 Reges
944 4370 975 4426 et
997 4361 1172 4444 Prophetas
1190 4369 1318 4449 tlsgrms
