2818 4848
553 217 677 329 Cdl‘lll'
695 265 768 325 llll.
1150 274 1206 334 175

6 405 8 454 ε
93 394 149 446 sat.
196 387 254 442 Vos
267 381 446 444 contemta
464 403 510 441 sne
533 385 698 465 effectoria
729 379 828 442 Potest
856 382 1021 462 lta'expenl
1044 385 1096 462 hoo
1119 405 1204 446 mem-

6 479 8 536 ;
93 466 182 524 hrum
199 465 273 544 quasi
293 468 433 542 qam-atur
452 459 590 534 Christus,
610 483 667 521 non
687 459 781 521 haberi
800 459 1019 538 sibi-bonorem,
1038 483 1093 543 qno
1107 465 1206 544 dignus

6 547 8 604 t
95 551 142 603 est
160 545 204 623 qai
222 542 275 600 Dei
295 542 416 621 gloriam
436 548 595 620 promovet.
628 540 686 599 Sed
708 559 761 622 ego
780 541 862 599 altius
881 560 946 599 eum
971 544 1106 622 respicere
1145 553 1203 612 uto,

96 643 194 702 11anae
213 620 292 701 quod
311 619 404 682 Patris
424 619 542 699 gloriam
563 639 627 678 cam
645 637 696 678 ena
715 620 879 700 coniungat,
908 621 1101 694 amarent,
1156 623 1210 684 'hil'

93 703 161 762 mihi
179 719 285 779 arrogo
305 699 384 780 quod
401 718 460 758 aon
480 698 562 758 cedat
579 695 609 758 iu
627 697 718 758 Patris
743 699 872 779 glorian:
898 707 962 758 riam
986 700 1015 758 in
1039 711 1085 759 nae
1104 703 1206 761 educet

93 783 152 840 eius
171 781 322 853 maiestas,
340 781 399 836 eius
417 784 539 874 potestas
559 785 588 838 et
605 779 752 860 imperium
771 779 801 838 in
819 797 865 838 me
884 779 993 838 residet.
1024 775 1122 858 Quum
1140 801 1206 860 ergo

94 865 152 918 tant
175 859 298 938 indigue
322 876 339 916 a
363 855 440 915 volus
464 857 604 936 excipior,
632 858 662 916 in
686 855 778 916 Deum
803 857 894 936 ipsum
917 859 984 916 estis
1003 857 1206 918 contumeliosi.

95 938 163 998 Ideo
182 937 315 1016 pretinm
334 935 451 1011 subiicit,
470 934 565 996 Deum
583 935 666 995 halus
683 935 745 996 fora
764 937 881 996 iniuriae
900 935 1047 996 vindicem.
1073 936 1208 998 Poterant

96 1017 177 1078 enim
197 1014 371 1076 ambitionem
389 1015 430 1074 illi
449 1013 580 1090 oblinere,
599 1016 650 1074 nisi
670 1020 784 1074 testalm
803 1022 877 1074 esset
895 1034 925 1073 se
945 1035 1001 1074 uon
1019 1017 1129 1096 privato
1149 1035 1207 1076 ear·

98 1097 146 1154 nis
165 1095 267 1153 affeetu
285 1093 320 1152 de
336 1113 388 1154 suo
406 1093 514 1171 honore
531 1113 592 1154 esse
610 1093 758 1154 sollicitum
777 1094 823 1152 vel
841 1100 1018 1174 contemptu,
1037 1095 1086 1154 sed
1111 1103 1206 1175 quate·

99 1193 158 1234 uns
177 1171 267 1232 honor
282 1173 328 1233 vel
346 1179 524 1252 contemptus
544 1171 598 1232 Dei
617 1173 713 1252 agitur.
753 1171 901 1232 Caeterum
919 1176 971 1232 etsi
982 1173 1071 1253 'longe
1090 1191 1107 1234 a
1127 1173 1207 1234 Clui-

100 1261 149 1312 eto
167 1253 305 1326 &aaran
323 1258 405 1312 oerto
424 1259 517 1312 umes
534 1253 654 1333 musque
673 1257 784 1326 stamar,
802 1251 825 1310 si
844 1253 878 1312 ad
889 1251 1207 1336 quaemndaneiglo-

100 1333 170 1391 dam
188 1349 225 1390 ex
243 1333 337 1391 animo
357 1333 486 1392 intentus
503 1333 550 1404 sit,
574 1333 641 1389 antis
665 1331 787 1410 anrplam
812 1331 922 1393 laudem
942 1331 1016 1412 apud
1035 1333 1128 1413 ipsum
1147 1353 1216 1392 esse·

98 1411 150 1470 sibi
169 1413 332 1492 repositam:
367 1429 480 1490 semper
497 1411 571 1470 euim
590 1411 766 1491 experiemur
785 1429 882 1469 venam
901 1429 962 1470 essa
979 1411 1063 1484 illud,
1083 1409 1143 1491 Qui
1160 1431 1207 1472 me

96 1491 246 1564 honorant,
266 1509 316 1550 eos
336 1488 516 1548 honorabiles
535 1489 649 1550 reddam
669 1489 701 1565 (l.
721 1487 797 1548 Sam.
818 1493 846 1564 2,
866 1491 934 1568 30.).
973 1488 1006 1549 Si
1024 1493 1098 1572 apud
1118 1491 1205 1551 homi-

97 1589 145 1628 nes
163 1589 222 1628 uon
240 1569 328 1628 modo
348 1573 526 1648 contemptus
551 1575 605 1641 ese
635 1570 685 1628 sed
708 1569 791 1627 etiam
813 1568 922 1650 probris
945 1569 1087 1645 obruitur,
1115 1588 1206 1651 aequo

96 1649 190 1708 auimo
208 1654 354 1728 exspectet
372 1646 442 1707 dnm
460 1648 573 1707 illuceat
592 1648 650 1726 dies
667 1645 792 1708 Domini.
914 1667 917 1674 ·
991 1659 993 1666 ’

185 1785 239 1851 51.
272 1784 387 1868 Amen,
419 1807 513 1852 amen
535 1783 603 1851 dieo
625 1785 729 1868 vobis,
762 1785 788 1852 si
810 1785 880 1880 quis
902 1807 1078 1854 sennonem
1099 1809 1207 1854 meum

96 1890 242 1973 servabit,
262 1901 395 1958 mortem
416 1913 483 1957 uon
504 1889 620 1957 videbit
639 1890 672 1958 in
693 1901 874 1959 a'etermure'
893 1893 945 1958 52.
962 1891 1119 1958 Dixerunt
1133 1914 1206 1982 ergo

97 1995 144 2062 illi
165 1995 285 2078 ludaei,
304 1993 402 2064 Nune·
415 1995 634 2087 eognovimus,
656 1997 742 2087 quod
763 1995 963 2082 daemonium
982 1979 1089 2068 habes.
1114 1995 1207 2064 Abra·
1240 2019 1243 2028 ’

98 2104 176 2168 ham
197 2111 341 2170 mortum
362 2113 408 2169 est
428 2112 460 2168 et
481 2101 669 2194 Prophetae,
700 2112 732 2170 et
752 2112 788 2169 tu
814 2101 903 2184 dieis,
926 2101 969 2166 «Si
997 2101 1066 2190 quis
1093 2123 1207 2168 sermo-

97 2230 172 2275 nem
206 2229 313 2274 meum
345 2206 525 2289 servaverit,
558 2229 622 2274 non
647 2207 781 2298 gustabit
812 2215 946 2292 mortem
965 2191 1010 2271 'in
1038 2215 1207 2275 aeteruum.

96 2313 147 2380 53.
169 2311 256 2380 Num
277 2323 314 2380 tu
335 2313 434 2380 maior
456 2336 491 2380 es
511 2323 597 2404 patre
613 2311 898 2396 uostroAhraham,
920 2309 973 2400 qui
990 2311 1209 2387 mortunsest?

96 2429 130 2485 et
148 2417 328 2509 Prophetae
347 2419 463 2484 mortui
484 2429 569 2485 suut:
591 2439 685 2510 quem
706 2429 738 2486 te
759 2420 863 2510 ipsum
882 2427 919 2484 tu
940 2417 1035 2484 faeie?
1060 2411 1130 2484 ⁴bd.
1152 2416 1209 2483 Re·

96 2523 226 2614 spondit
252 2523 353 2606 lesus,
386 2522 421 2590 Si
447 2547 504 2614 ego
531 2523 666 2614 glorifico
690 2547 744 2592 me
773 2525 893 2616 ipsum,
925 2518 1111 2614 gloria‘mea'
1132 2517 1245 2617 nihil·

97 2640 161 2697 est:
182 2639 230 2727 est
250 2628 342 2698 Pater
363 2653 452 2700 meus
474 2629 528 2719 qui
550 2653 601 2702 rue
622 2629 777 2722 glorificat,
799 2654 893 2722 quem
914 2653 973 2700 vos
994 2629 1091 2707 dicitis
1101 2627 1214 2707 Duum¹

95 2747 237 2803 vestrmn
258 2759 335 2804 esse.
359 2736 413 2802 55.
435 2733 478 2801 Et
498 2757 562 2802 uon
583 2736 714 2804 novistis
730 2761 813 2821 eum,
835 2716 893 2830 egd
909 2746 1014 2804 nutem
1029 2736 1103 2804 novi
1120 2757 1208 2802 eumz

96 2853 127 2910 et
149 2842 175 2908 si
196 2841 305 2930 dixero
328 2841 417 2932 qaod
438 2863 504 2908 non
525 2841 600 2908 novi
622 2865 709 2926 enm,
737 2867 791 2910 ero
813 2842 922 2912 sinrilis
944 2841 1033 2912 vobis
1054 2841 1206 2909 mendaxs

96 2947 151 3015 sed
173 2949 249 3017 novi
270 2969 366 3030 eum,
382 2957 414 3015 et
435 2969 612 3033 semsouem
635 2949 701 3016 eius
723 2971 824 3020 servo.
1162 2940 1183 2952 ”

173 3077 222 3137 51.
244 3079 348 3149 ΑΜ,
367 3095 451 3134 nsum
469 3075 532 3134 dieo
551 3075 636 3135 vodis.
666 3073 729 3134 Non
749 3074 862 3134 dubium
882 3078 951 3156 quiin
969 3074 1205 3158 aliquosinlurba

95 3154 147 3213 illa
165 3153 298 3212 Chiistus
317 3153 451 3214 sanabiles
470 3154 640 3234 cognoverit,
659 3153 728 3214 alios
747 3155 831 3214 etiam
851 3155 993 3215 doetrirme
1012 3175 1079 3215 suae
1093 3155 1206 3211 ruinimo

98 3232 246 3290 adversos.
286 3229 336 3288 sie
352 3249 417 3312 erge
434 3239 539 3292 terrere
557 3233 649 3292 voluit
665 3233 765 3314 impios
785 3253 905 3312 quorum
924 3233 1066 3314 deplorata
1080 3239 1205 3292 eratma-

98 3309 178 3384 lisia,
206 3315 240 3368 ut
258 3315 353 3368 tamn
372 3311 562 3371 consolationis
581 3315 723 3372 maurium
743 3311 823 3371 bonis
847 3311 1015 3392 relinqueret
1043 3313 1089 3370 vel
1113 3311 1149 3370 ad
1174 3329 1205 3371 se

95 3390 228 3449 alliceret
252 3387 378 3448 nondum
396 3391 528 3470 perditos.
576 3390 651 3472 Ergo
671 3399 756 3450 nlenu
795 3391 920 3450 'ematur
935 3409 1002 3527 pars
1021 3391 1169 3450 abhorreat
1188 3409 1205 3447 a

96 3469 186 3529 verbo
206 3467 279 3541 Dei,
309 3487 449 3548 nunqnam
472 3477 566 3532 tamen
589 3472 629 3530 eie
648 3475 722 3530 totus
742 3489 757 3528 a
796 3487 934 3548 coargneu
954 3467 1146 3550 bsimprobos
1158 3468 1206 3524 'in-

96 3556 190 3608 tentus
209 3567 275 3626 esse
294 3547 376 3607 debet
394 3551 456 3628 pius
476 3550 583 3624 doctor,
602 3551 669 3629 quia
686 3547 815 3608 liliisDei
834 3545 917 3606 simul
936 3549 1032 3607 salutis
1052 3545 1213 3605 doetr‘mam'
1313 3555 1315 3564 '

98 3629 239 3707 impertiat
263 3632 294 3685 et
315 3634 434 3688 conetur
461 3629 498 3687 ad
521 3649 617 3690 sunam
640 3635 761 3688 merten
781 3628 925 3699 redemere,
955 3628 978 3686 si
998 3628 1046 3707 qui
1065 3631 1130 3684 sunt
1147 3643 1206 3684 non

97 3727 214 3786 prorsus
237 3705 413 3767 inwrabiles.
462 3705 516 3766 tlte
538 3729 604 3788 ergo
623 3708 752 3768 ¹Clnistus
775 3709 832 3768 suis
851 3699 1098 3790 discipulis'vltam
1117 3711 1204 3764 ader·

98 3804 166 3844 nam
188 3787 338 3864 prromittit‚
367 3787 417 3846 sed
440 3785 590 3868 discipulos
614 3787 730 3868 requirit
752 3784 801 3868 qul
824 3807 881 3848 nou
900 3793 1009 3846 tanhrm
1027 3783 1139 3846 auribus
1158 3797 1205 3844 an·

99 3870 190 3922 nuant
213 3873 244 3922 ut
266 3865 336 3925 asini
362 3867 410 3926 vel
430 3867 612 3947 profiteantur
629 3887 660 3926 ae
677 3865 796 3948 probare
815 3869 873 3928 eius
892 3866 1059 3941 deciduam,
1088 3863 1137 3925 sed
1157 3865 1207 3948 qui

97 3947 214 4002 servem
230 3963 285 4003 non
303 3962 384 4004 secus
404 3963 438 4004 ae
456 3947 608 4026 pretiosum
622 3945 793 4006 thesaurum·
832 3949 956 4009 Vtioroe
972 3943 1092 4008 mortem'
1109 3951 1203 4030 negat:

97 4021 165 4102 qnia
185 4019 234 4080 ubi
252 4023 370 4085 animam
389 4024 512 4084 hominis
530 4025 599 4084 fides
617 4025 752 4100 deificat,
775 4025 832 4086 iam
851 4045 927 4092 mors
945 4031 1039 4088 retuso
1058 4027 1157 4088 aculeo
1176 4034 1205 4088 et

97 4119 207 4162 veneno
226 4099 350 4164 absterso
367 4101 452 4164 letale
470 4104 573 4165 vnlnhs
591 4105 714 4184 inlli'gere
731 4125 789 4166 non
807 4109 935 4188 potest*
968 4128 971 4137 ·
1141 4119 1145 4136 ¹
1189 4169 1203 4182 ,¹

172 4183 222 4265 52.
260 4185 352 4244 Nom
371 4191 568 4265 wgssootmos.
615 4182 745 4266 Perstant
762 4185 874 4268 reprobi
892 4186 922 4246 in
940 4205 993 4248 sno
1017 4193 1134 4285 stupere*
1154 4191 1229 4246 nee'

97 4263 183 4399 er
202 4263 539 4402 mr
559 4267 990 4406 end
1007 4263 1215 4406 paup

98 4419 163 4498 ipsis
181 4361 271 4481 xib}
289 4427 402 4502 patant,
413 4363 487 4502 1ipsiu
506 4389 600 4482 nient
617 4363 1016 4510 memmennsmme’uppppsg
1027 4365 1204 4484 gpppppnon
