2754 4864
225 201 284 262 ‘tce
577 252 578 260 ,
613 193 654 257 IN
673 195 777 258 ACTA
796 193 930 258 APOST.

223 333 277 375 nos
302 311 339 372 ab
363 328 414 372 occ
432 307 487 372 Dei
511 311 643 392 pendere.
681 310 787 373 ltlultos
806 313 881 374 enim
899 311 1012 394 impellit
1026 313 1114 377 ambitio
1128 325 1158 380 ut

223 411 305 452 suam
329 391 461 452 docendis
485 391 602 452 rudibus
625 393 802 473 impendant,
832 399 861 453 et
884 393 981 453 vitium
1002 392 1081 474 detegit
1095 400 1169 458 ertu
1195 423 1259 480 oque⁴
1319 447 1320 474 2

223 473 302 546 citas,
321 471 389 530 dum
409 470 538 552 cupidius
556 471 641 532 verba
660 471 835 552 profundunt
852 471 904 532 soli
926 491 960 531 ue
977 471 1169 556 audiriappetunt
1186 481 1261 561 Atque

223 571 314 612 noum
336 551 393 610 hoo
415 549 546 610 omuibus
568 553 744 646 propositum
762 571 824 612 esse
843 491 970 624 decelat,
992 571 1019 610 se
1034 557 1057 610 ct
1070 559 1136 616 tutan
1151 562 1261 620 mundum
1319 569 1320 626 t

223 630 289 728 lieo
307 629 452 698 subiicere,
471 637 505 728 nt
522 630 682 690 heminchus
701 632 853 726 adnvecam
871 629 1047 726 humilitatem
1060 631 1148 694 utrm
1161 639 1259 698 emineat
1319 643 1320 718 f

197 777 199 794 ¹
222 707 1258 871 tinttatttttttttfftrltttt‘tuttitritta:

177 885 181 896 ’
210 869 308 944 ,nendi
331 869 479 950 cupiditas:
504 869 551 928 eui
573 867 670 930 datum
693 887 751 929 non
770 876 813 930 est
837 889 869 930 se
892 869 1031 929 doctorem
1046 867 1156 950 profiteri,
1174 875 1260 934 iutra

222 950 370 1012 modulum
395 951 534 1008 srrum‘sa
562 949 714 1010 contineat:
749 947 842 1010 neutri
866 951 1048 1030 magisterium
1068 956 1185 1029 appetant,
1204 953 1264 1012 n'cati

221 1031 307 1091 etlam
330 1036 428 1090 monet
447 1028 577 1102 lacobus,
606 1048 705 1090 verram
724 1029 765 1089 eie
784 1027 831 1088 olii
849 1027 919 1090 ulios
938 1035 1033 1088 mutuo
1049 1029 1177 1104 aedificent,
1194 1037 1219 1090 ut
1232 1051 1265 1092 ne·

222 1129 278 1190 que
303 1110 402 1170 doctos
426 1127 462 1168 ne
484 1127 518 1167 ue
542 1107 670 1168 indoctos
696 1109 725 1168 in
744 1109 871 1167 ordinem
890 1109 954 1190 cogi
972 1107 1073 1189 pudeat
1105 1104 1266 1186 Quaeritnrta

136 1229 142 1242 ι
169 1201 170 1210 ’
220 1209 302 1260 men,
325 1207 398 1268 quos
420 1129 570 1247 inludaea
595 1194 729 1265 cognatos
755 1187 857 1247 habere
876 1190 1009 1268 potnerit.
1025 1205 1101 1267 mum
1115 1185 1266 1268 almigerart

221 1275 279 1328 tem
320 1269 384 1328 ralis
402 1267 519 1326 militias
536 1285 622 1326 cansa
639 1267 708 1326 illue
746 1265 870 1338 roseum
890 1269 983 1328 essct?
999 1265 1055 1348 Ego
1071 1270 1097 1323 nt
1111 1265 1266 1341 nitilaffirmo,

220 1349 261 1408 ita
305 1367 340 1408 oc
363 1355 499 1426 tanquam
521 1347 644 1406 maxime
669 1287 814 1426 prodahilc
837 1347 1007 1428 amplector,
1028 1343 1091 1426 qnod
1104 1345 1127 1404 in
1140 1365 1179 1408 saa
1194 1353 1266 1408 turne

219 1428 329 1506 aliquos
349 1425 478 1486 lratruerit
502 1443 539 1484 ex
559 1427 692 1505 cognatis.
732 1423 870 1485 Solebant
894 1425 971 1486 euim
994 1425 1118 1508 propinqui
1135 1428 1226 1486 etintu
1240 1447 1265 1486 oe

219 1508 281 1567 noti
305 1505 357 1564 snb
381 1503 457 1564 idem
482 1503 619 1564 vexillum
642 1505 727 1566 coire.
770 1503 831 1565 Nec
854 1503 971 1565 dubium
994 1511 1036 1566 est
1050 1503 1102 1586 quin
1116 1503 1156 1562 sni
1170 1503 1263 1567 Corndii

124 1647 129 1658 f
218 1585 333 1656 vexillo,
343 1605 432 1664 quum
443 1582 579 1644 Centurio
598 1591 679 1660 esset,
690 1583 822 1645 libentius
831 1585 1011 1646 militaverint
1018 1585 1120 1666 cognati:
1134 1579 1265 1657 ἇνιιγωίους

218 1671 302 1724 vocat
320 1663 481 1724 Familiares
500 1663 614 1738 amicos,
633 1665 714 1724 sicuti
733 1665 810 1744 apud
824 1661 938 1726 Latium
953 1657 1269 1740 Necessariiroorntur‚qd

216 1745 337 1804 arctiore
355 1742 469 1804 vinculo
488 1743 562 1804 inter
580 1761 611 1804 se
629 1745 770 1805 coniuncti
789 1750 864 1806 sunt.

295 1825 345 1886 25,
391 1825 554 1901 Brucidens
590 1825 636 1884 sttt
674 1825 716 1884 od
747 1826 837 1920 pedes
874 1826 1019 1887 adorauit
1063 1822 1109 1884 llic
1131 1827 1166 1884 esi
1185 1815 1269 1879 wau

217 1907 433 1984 uqoera'mqew,
454 1903 533 1984 quod
552 1909 602 1964 aut
616 1905 812 1984 genuflexione
824 1909 874 1964 ant
893 1900 1269 1986 capitesnlrmiesoanialioqno

216 1985 261 2044 vio
290 1991 370 2065 gestu
396 1986 536 2044 honorem
564 1983 729 2064 cultumque
756 1984 854 2046 testari
882 1983 1030 2081 siqnitioat.
1074 1981 1145 2044 Nunc
1159 1979 1269 2060 quaeritu-

216 2083 254 2124 an
282 2064 436 2126 modestiae
464 2069 576 2123 tanturn
604 2081 688 2123 causa
718 2061 1009 2138 haoc'adomtronem
1026 2071 1126 2124 recuset
1141 2058 1223 2128 Pctus,
1244 2071 1285 2118 uu⁴

113 2215 116 2221 ¹
216 2163 286 2204 vero
315 2152 349 2204 ut
376 2162 437 2203 rem
459 2143 584 2202 illicitam
613 2161 729 2224 prorsus
753 2133 912 2223 impiobet?
949 2141 1040 2222 Quod
1057 2143 1133 2203 Petro
1147 2133 1268 2218 dipdcuud

216 2218 477 2296 comanitarum,
496 2228 613 2304 apparet
631 2241 669 2283 ex
686 2223 796 2283 ratione
814 2235 884 2282 mox
902 2221 1013 2284 additae
1030 2245 1127 2306 rrrrge,
1140 2225 1218 2280 sonet
1252 2291 1257 2304 Ι

215 2306 302 2364 tomo
325 2324 397 2363 sum.
444 2297 584 2382 Colligere
606 2303 682 2362 enim
705 2303 770 2362 licet
789 2321 826 2362 ex
845 2301 889 2362 his
908 2301 1017 2377 verbis,
1036 2303 1146 2362 diviono
1159 2298 1218 2357 irinc
1232 2311 1268 2382 ιζ

215 2383 284 2463 quid
308 2383 337 2442 iu
361 2401 396 2442 eo
416 2381 512 2453 cultu,
537 2381 616 2476 quod
640 2380 763 2442 debitum
784 2381 834 2440 uni
852 2379 917 2441 Deo
937 2382 1076 2443 honorem
1094 2377 1178 2441 homini
1189 2368 1272 2464 mtdflt

214 2461 420 2523 transcriberet.
464 2459 552 2540 Atqur
577 2460 693 2521 Petrum
717 2462 781 2521 loco
805 2459 860 2521 Dei
885 2461 1014 2522 habiturn
1038 2462 1119 2522 inisse
1139 2481 1154 2518 a
1171 2451 1274 2523 Cometa

214 2543 329 2602 minime
353 2539 484 2600 credibile
509 2545 560 2599 est.
605 2539 678 2600 Nam
701 2542 726 2600 si
749 2539 805 2602 lini
830 2539 968 2602 honorem
992 2542 1032 2602 ad
1051 2541 1178 2602 hominem
1190 2536 1275 2594 mutn-

213 2621 262 2693 lit,
283 2621 329 2679 ubi
349 2620 397 2679 illa
416 2621 504 2698 pictai
524 2626 553 2678 et
571 2619 679 2701 religio,
698 2622 778 2679 cuius
798 2619 890 2702 elogio
909 2641 1002 2702 nuper
1022 2627 1131 2681 ornatus
1147 2615 1207 2678 tuiti
1234 2607 1276 2688 dgt

212 2699 222 2758 i
242 2700 299 2758 itur
317 2699 358 2758 sic
375 2699 526 2771 existimo,
553 2697 625 2758 nilril
642 2699 735 2758 minus
754 2699 795 2760 illi
813 2700 841 2759 in
862 2701 955 2760 animo
974 2701 1077 2776 fuisse,
1140 2719 1178 2757 am
1193 2692 1276 2775 spolium

211 2719 308 2837 Ileum
331 2778 455 2857 legitimo
479 2777 575 2854 cultu„
597 2785 629 2838 nt
648 2777 755 2839 lromini
774 2780 865 2838 daret:
889 2781 939 2840 sed
980 2801 1050 2840 uum
1068 2801 1088 2840 v
1122 2786 1148 2838 ct
1163 2772 1275 2854 Propous

212 2855 375 2940 Christique
402 2857 543 2937 Apostolo
570 2858 739 2939 singularem
768 2857 904 2920 honorem
933 2801 1051 2936 diluere,
1085 2861 1120 2922 ad
1145 2853 1276 2918 innuitur

212 2937 384 2996 reverentiae
408 2939 519 3018 signum
542 2939 692 3021 prolapsus
717 2945 759 3000 est
788 2947 873 3020 atque
896 2941 937 3000 ito
960 2959 1080 3002 excessu
1098 2937 1215 3020 peccarit
1242 2925 1276 3022 lla

211 3017 288 3077 enim
311 3019 378 3076 satis
403 3019 524 3098 exprimi
547 3019 641 3080 verbis
665 3027 760 3101 potest
782 3037 868 3098 quom
890 3020 1025 3100 proclivis
1049 3021 1085 3080 sit
1103 3019 1137 3080 nd
1153 3010 1278 3096 superstit

211 3117 278 3158 nem
297 3097 407 3180 lapsus,
431 3099 480 3158 ubi
499 3099 622 3160 dalmtun
644 3099 737 3160 horror
755 3097 860 3159 Christi
878 3099 1028 3174 ministris,
1054 3101 1103 3180 qui
1119 3097 1162 3157 vel
1178 3093 1278 3154 rrriuidttn

115 3227 119 3238 .
211 3175 299 3238 divini
322 3178 415 3238 cultus
439 3180 560 3262 speciem
584 3198 660 3260 prae·
677 3198 708 3238 sc
727 3177 808 3237 ierat.
851 3177 926 3238 Nam
944 3199 1004 3259 qno
1023 3181 1136 3243 nrioime
1153 3172 1279 3258 putarimttr

210 3257 293 3318 fusile
317 3255 547 3340 delabimurpec
568 3257 793 3340 imprudentiam.
837 3256 870 3318 ln
894 3277 961 3340 nege
985 3250 1135 3318 vellhnins
1152 3251 1233 3314 mnndi
1246 3265 1282 3327 pn

210 3335 337 3398 moribus
365 3339 458 3398 minus
487 3343 561 3398 esset
588 3339 713 3417 periculi.
763 3333 836 3396 Nom
865 3339 914 3418 qui
947 3357 1042 3420 regem
1071 3325 1187 3420 snpplda
1206 3330 1282 3419 “dil

209 3435 273 3478 sese
299 3419 375 3476 intra
401 3418 490 3478 civilis
520 3424 550 3478 et
577 3417 684 3478 terreni
710 3415 825 3476 honoris
854 3418 1140 3479 modum‘continet:
1166 3416 1193 3476 in
1212 3407 1284 3470 Claud

209 3497 343 3556 ministris
365 3497 475 3558 diversa
498 3502 543 3558 est
563 3499 645 3556 ratio.
689 3495 837 3577 Siquidem
861 3504 895 3558 ut
917 3517 931 3556 s
952 3498 1062 3558 irituale
1086 3503 1130 3556 est
1146 3511 1229 3556 eorum
1243 3481 1283 3575 ol}

210 3576 302 3650 cium,
328 3576 368 3635 itu
392 3578 417 3636 oi
440 3579 503 3656 quis
526 3575 563 3635 ad
587 3595 689 3637 eorum
707 3575 792 3657 pedes
812 3519 978 3652 procumllut
996 3575 1131 3636 adorandi
1149 3564 1284 3660 camald

208 3653 303 3714 honor·
330 3656 472 3736 spirituale
500 3655 634 3738 quiddam
662 3655 755 3715 habet.
799 3655 931 3717 Tenenda
955 3657 1028 3716 enim
1051 3663 1097 3716 est
1120 3653 1250 3740 dictinctio·
1260 3663 1285 3701 1¹¹·

208 3739 253 3794 ter
276 3735 389 3796 civilem
413 3735 618 3812 adorationem,
646 3755 704 3816 qna
721 3736 795 3796 inter
812 3752 844 3796 se
863 3736 991 3796 homines
1009 3743 1129 3796 utuntur
1146 3754 1194 3815 pro
1210 3733 1285 3788 aanor

208 3815 317 3896 politici
339 3815 460 3890 ordinis,
487 3821 519 3876 et
541 3835 604 3876 eam
627 3817 673 3875 cni
696 3815 793 3876 subest
814 3816 926 3900 religio,
956 3815 1002 3876 vel
1021 3835 1096 3896 quac
1114 3815 1212 3874 duecte
1226 3807 1288 3866 hott

106 3893 107 3898 ’
208 3913 268 3954 rem
287 3891 345 3955 Dei
367 3895 495 3974 respicit,
523 3895 607 3956 sicuti
630 3900 660 3956 et
682 3896 755 3956 inter
778 3895 867 3978 leges,
896 3903 971 3978 qu'ne
989 3897 1035 3954 vol
1053 3896 1090 3954 ad
1109 3888 1248 3974 temporale
1260 3900 1287 3941 rt·

207 3977 302 4054 gimen
325 3973 466 4050 feramur,
489 3975 536 4034 vol
561 3975 743 4036 conscientias
763 3977 947 4058 obstringunt.
985 3973 1076 4035 Nimis
1096 3977 1170 4035 enim
1186 3969 1287 4058 lelutltt

206 4055 295 4134 inepti
313 4054 429 4134 quidam
448 4053 590 4128 hominos,
610 4057 660 4136 qui
679 4057 905 4134 genuflexionem
928 4055 976 4116 hic
995 4075 1045 4136 per
1063 4073 1095 4115 se
1113 4061 1144 4114 et
1161 4048 1288 4135 simpiutff

206 4131 334 4190 damnari
363 4137 472 4212 potunt.
501 4132 608 4192 Verum
638 4136 752 4193 omnino
781 4137 852 4195 illud
881 4143 924 4197 cst
952 4136 1031 4216 qnod
1060 4134 1135 4194 dixi:
1172 4124 1287 4192 comatre

207 4227 267 4290 non
290 4207 494 4302 Proconsulem
517 4211 564 4270 hio
587 4213 670 4271 snum
694 4214 740 4270 rel
764 4213 965 4296 Imperatorem
988 4217 1105 4296 politico
1133 4213 1188 4274 ritu
1207 4203 1290 4288 salutii

206 4283 840 4452 aar
856 4283 1290 4456 cmm
