2716 4856
525 175 793 292 ctiorxvn'
1159 235 1218 300 aas

92 355 227 417 excedant
246 349 432 414 Athenienses
451 347 480 408 in
501 347 621 420 colendo
640 345 715 422 Deo,
734 345 781 407 vel
805 345 890 426 qualo
916 363 989 428 opns
1012 353 1089 407 esset
1111 353 1219 431 tempe-

94 446 251 496 ramentum
274 451 333 492 non
353 436 482 488 teneant:
503 430 561 488 acsi
579 427 700 498 diceret,
719 427 924 486 inconsiderate
942 445 993 486 eos
1011 427 1120 502 lacere,
1140 431 1220 510 quod

94 539 124 576 sc
144 517 264 594 fatigent
277 531 330 592 per
349 509 483 588 obliquos
500 509 652 568 rirerritns.⁴
682 505 746 567 Hoc
765 515 903 586 quantum
922 507 960 566 ad
977 525 1078 567 rocem
1098 515 1220 588 spectat:

94 599 128 654 rte
150 615 182 654 re
204 594 246 652 sic
270 591 431 651 babendum
455 591 507 648 est
552 587 661 646 Omnes
680 587 895 648 Atheniensium
915 586 1007 646 cultus
1026 585 1081 647 hae
1099 607 1156 654 una
1176 607 1220 649 ra-

91 677 168 736 tione
186 673 303 732 vitiosos
324 687 385 728 esso
404 667 516 748 probat,
536 668 612 746 qnia,
631 669 730 726 incerti
745 683 884 748 quosnam
899 667 994 728 colere
1007 667 1075 727 deos
1090 667 1220 744 debeant,

92 755 207 814 fortuito
235 758 265 810 et
283 756 389 810 temere
408 747 562 828 suscipiant
580 746 676 806 varios
694 749 781 820 ritus,
805 745 968 828 etquidem
988 745 1074 806 modo
1093 767 1151 808 non
1172 749 1219 808 ad-

92 833 190 893 hibito.
233 829 307 889 Nam
333 826 409 908 quod
435 827 539 906 ignotis
564 827 616 886 diis
641 825 729 886 altare
753 833 915 898 erexerant,
939 825 1051 906 signum
1071 835 1132 887 erat
1149 826 1221 890 nibil

92 915 168 996 ipsos
193 918 290 971 tenere
314 908 397 968 certi:
426 904 567 968 habebant
590 907 705 988 quidem
730 907 757 966 in
814 913 871 966 tem
891 906 1009 966 deorum
1027 905 1155 982 turbam,
1184 907 1221 968 do

93 991 195 1072 quibus
219 988 309 1050 molta
333 986 542 1058 fabulabantur,
571 987 620 1046 sed
645 987 714 1046 dnm
738 985 793 1044 ilhs
817 987 987 1067 permiscent
1010 987 1122 1070 ignotos
1142 987 1220 1062 deos,

92 1071 149 1130 hoo
177 1074 239 1152 ipso
267 1067 391 1128 latentur
417 1067 489 1124 nihil
518 1067 554 1125 de
578 1085 646 1125 vera
672 1065 828 1126 Divinitate
852 1083 883 1124 se
908 1063 1010 1124 habene
1033 1085 1096 1124 corn
1135 1073 1220 1128 rtnm.

94 1149 186 1212 Porro
206 1147 333 1230 quisquis
352 1147 412 1205 sine
426 1146 481 1206 ulla
497 1147 665 1206 certitudine
680 1145 775 1206 Deum
791 1145 874 1218 colit,
894 1159 945 1204 sna
960 1151 1071 1204 tantum
1097 1154 1220 1228 igmenta

94 1229 162 1288 colit
181 1228 237 1288 Dei
262 1227 340 1287 locos
373 1228 555 1306 quantamvis
580 1225 631 1285 sibi
652 1225 782 1306 placeant
800 1223 920 1298 creduli,
949 1223 1027 1284 nulla
1045 1233 1141 1287 tamen
1161 1228 1223 1286 sine

94 1310 205 1368 scientio
230 1313 262 1370 et
284 1307 402 1366 veritate
422 1305 521 1386 religio
541 1306 587 1366 rel
605 1304 670 1365 Deo
690 1303 840 1386 probatur,
864 1304 911 1364 vel
930 1309 1028 1366 sanda
1047 1313 1077 1366 et
1095 1306 1222 1388 legitima

92 1389 197 1449 censeri
216 1387 310 1447 debet.
339 1383 402 1444 lmo
422 1387 603 1464 quantumvis
623 1383 794 1466 superbiant,
814 1386 881 1464 qnia
901 1391 1006 1444 tarnem
1017 1385 1145 1468 perplexi
1155 1387 1221 1446 hae·

90 1475 153 1528 rent
176 1470 206 1528 in
234 1468 294 1526 suis
318 1466 513 1538 conscientiis,
536 1484 651 1524 necesse
671 1471 714 1522 est
733 1483 786 1523 suo
806 1465 932 1544 ipsorum
951 1465 1055 1525 iudicio
1075 1467 1222 1526 convictos

89 1549 185 1607 teneri.
226 1546 272 1606 So
338 1545 401 1603 titio
420 1545 496 1604 enim
515 1563 628 1624 semper
646 1543 755 1623 trepida
774 1551 816 1602 est
830 1562 871 1602 ac
888 1535 1007 1605 subinde
1026 1546 1133 1628 aliquid
1152 1547 1223 1606 novi

90 1627 210 1688 excudit.
282 1625 392 1684 idemus
416 1642 499 1704 ergo,
532 1641 619 1704 quam
643 1623 745 1682 misera
764 1624 801 1681 sit
819 1639 919 1684 coruus
938 1625 1072 1701 conditio,
1092 1627 1142 1706 qui
1162 1645 1223 1686 cer·

90 1714 147 1768 torn
170 1706 302 1768 veritatis
325 1703 420 1764 lucem
443 1723 502 1762 non
526 1701 644 1777 habent,
673 1703 740 1784 quia
759 1707 790 1760 et
807 1701 882 1782 apud
903 1723 934 1762 se
953 1723 1064 1784 semper
1083 1707 1223 1768 fluctuan-

89 1793 149 1864 tur,
173 1793 203 1848 et
225 1803 325 1846 coram
343 1781 409 1841 Deo
428 1781 531 1841 ludunt
549 1801 674 1863 operam.
713 1777 878 1842 Notandum
897 1790 991 1842 tamen
1011 1791 1070 1858 est,
1093 1786 1223 1846 incredu-

88 1867 141 1944 los,
160 1867 233 1926 dum
253 1881 329 1924 nnnc
348 1862 509 1922 voluntaria
529 1861 682 1942 pertinacia
702 1880 733 1920 se
753 1867 920 1934 mcueoant,
939 1880 1016 1922 nnnc
1034 1863 1108 1922 inter
1127 1865 1223 1924 varios

92 1955 119 2007 ct
148 1945 324 2026 multiplices
354 1948 447 2002 aestus
476 1941 621 2016 teruntur,
650 1959 746 2001 seeum
776 1941 854 2020 ipsos
883 1959 1021 2021 pugnare:
1051 1957 1135 2022 saepe
1163 1961 1224 2005 non

90 2027 176 2086 modo
197 2025 254 2085 sibi
273 2023 386 2084 delicias
405 2021 521 2096 iaciunt,
540 2033 641 2081 amum
662 2022 686 2080 si
705 2019 769 2100 quis
789 2027 887 2080 contra
906 2037 1006 2080 eorum
1025 2021 1145 2100 ineptias
1160 2041 1222 2082 mn-

91 2107 144 2167 tire
169 2105 292 2178 audeat,
322 2097 473 2162 crudeliter
496 2103 525 2161 in
549 2119 617 2162 eom
635 2103 775 2160 saeviunt.
813 2099 862 2160 Sic
882 2117 931 2158 eos
950 2098 1069 2158 fascinat
1088 2100 1226 2174 diabolus,

91 2195 125 2248 ot
152 2186 227 2248 nihil
257 2189 361 2277 putent¹
388 2201 450 2241 esse
478 2181 579 2241 melius
607 2199 694 2278 poam
719 2177 797 2260 qnod
820 2179 888 2276 ipsis
912 2178 1024 2238 arddet.
1043 2177 1175 2276 ‘interea
1201 2183 1227 2242 ai

92 2288 164 2408 tlt
187 2265 323 2403 titt
340 2261 573 2420 inlidit
591 2279 704 2400 ,⁸1¹1le
698 2259 1155 2420 sthttttttttuttltl
1169 2280 1231 2401 tt

91 2435 123 2486 et
142 2426 215 2485 illoc
235 2439 265 2480 se
284 2421 437 2500 captandos
457 2419 587 2483 oderunt
627 2417 710 2478 Unde
727 2425 859 2499 apparet,
884 2437 977 2498 neque
995 2417 1115 2494 iudicio,
1133 2437 1228 2500 nequo

92 2501 250 2582 tranqrdllo
274 2499 377 2560 mentis
401 2505 477 2558 statu
500 2499 531 2560 in
549 2505 664 2582 recepto
683 2497 794 2559 colendi
811 2496 869 2558 Dei
888 2519 941 2557 usu
961 2500 1152 2594 acquiescere,
1177 2500 1229 2562 sed

92 2595 212 2664 torpere
232 2578 315 2640 ebriis
334 2578 447 2638 similes.
474 2578 564 2659 Atqui
582 2581 632 2639 tati
652 2585 770 2660 stupore
788 2581 878 2662 magis
896 2575 1050 2640 tolerabdis
1069 2585 1114 2640 est
1132 2581 1229 2640 anxio

92 2673 153 2738 tas,
184 2679 259 2740 qnae
282 2658 441 2720 incredulos
466 2659 519 2719 sibi
544 2658 655 2740 placere
679 2679 737 2718 non
762 2661 883 2740 patitnrz
914 2659 1036 2740 denique
1082 2676 1227 2742 nanquans

92 2763 155 2884 u:
170 2680 1227 2902 uu,cuttu‘attrectamur“intullerat

886 2868 893 2881 ·
1215 2863 1226 2896 s

93 2913 129 2966 ut
153 2899 342 2962 Athenienses
371 2901 440 2958 deris
468 2902 581 2979 ignotos
605 2919 672 2960 enm
696 2901 857 2959 domesticis
880 2903 1046 2978 miscerent,
1075 2919 1149 2981 quos
1173 2901 1247 2960 sibi·

92 2981 237 3066 putabant
261 2986 345 3038 notos
368 2997 443 3054 esse,
472 2981 539 3060 quia
561 2997 635 3038 vana
655 2980 789 3060 opinione
806 2997 856 3039 eos
875 2979 1023 3042 linxerant.
1062 2977 1132 3041 Inde
1150 2983 1228 3041 enim

92 3067 217 3146 apparet
235 3057 416 3138 inquietudo,
442 3058 520 3138 quod
539 3077 570 3118 se
589 3057 717 3117 nondum
737 3055 885 3117 deiunctos
904 3061 1043 3133 latentur,
1067 3059 1116 3119 uhi
1134 3079 1228 3142 popu·

92 3142 204 3204 laribus
224 3138 276 3197 diis
295 3139 421 3212 litaront,
441 3139 490 3218 qni
509 3155 526 3196 a
545 3135 698 3196 maioribus
719 3135 813 3194 traditi
833 3145 926 3199 eraut.
946 3145 976 3198 et
994 3155 1067 3219 quos
1086 3145 1229 3199 vocatum

92 3221 235 3314 indigetes
254 3223 284 3314 et
297 3218 417 3354 patrios.
458 3215 523 3274 ideo
544 3214 665 3289 Paulus,
692 3221 724 3275 ut
742 3214 1037 3298 convellatquicquid
1058 3217 1145 3278 lalsae
1163 3235 1227 3298 per·

92 3315 393 3464 lddddodldidubolant,
418 3393 470 3434 nec
488 3373 592 3435 habere
612 3382 719 3434 certum
739 3373 854 3452 aliquod
874 3395 992 3436 numen:
1012 3395 1078 3436 nam
1098 3375 1122 3434 si
1142 3393 1228 3456 quem

95 3460 217 3523 omnino
238 3453 334 3516 Deum
357 3455 517 3529 novissent,
542 3473 578 3515 eo
597 3457 724 3516 contenti
747 3471 892 3534 nunquam
918 3455 1024 3536 delapsi
1046 3455 1167 3515 luissent
1192 3453 1229 3516 ad

93 3545 221 3640 ignotos,
237 3535 469 3634 'quandoquidem
490 3553 546 3594 ona
565 3537 625 3596 veri
644 3535 701 3596 Dei
720 3535 843 3618 cognitio
863 3536 1008 3596 abolendis
1028 3535 1228 3597 omnibusido·

93 3623 130 3684 hs
151 3617 450 3792 sugg-ntiwwnssm·
489 3693 583 3790 Facile
608 3693 722 3776 quidem
745 3697 851 3777 recipio
876 3715 953 3784 aram
974 3693 1049 3756 banc
1065 3695 1120 3792 diis
1140 3680 1230 3754 omni·

97 3781 241 3942 halt?
261 3773 1230 3938 ‘'thltttlttnt0?tttt¹¹t⁰¹¹ttttt⁰⁰lstthfltt

98 3941 222 4001 traxisse
241 3935 277 3995 ad
296 3955 385 3995 unum
404 3932 514 3994 Deum:
534 3954 599 3994 nam
620 3955 708 4014 quum
728 3937 831 4016 passim
852 3939 965 4016 vulgata
985 3946 1060 3996 esset
1074 3935 1230 4016 inscriptio,

97 4039 159 4080 non
186 4017 240 4075 luit
264 4021 340 4076 certe
365 4016 485 4075 astutiae
510 4015 597 4074 locus.
638 4013 699 4074 Cur
723 4034 791 4094 ergo
810 4015 949 4096 pluralem
968 4035 1118 4076 numerum
1138 4018 1230 4074 mota-

98 4099 163 4160 vit?
187 4103 263 4156 certe
287 4115 344 4156 nou
370 4102 404 4154 nt
422 4095 638 4154 circumveniret
657 4093 857 4163 Athenienses,
881 4097 931 4156 sed
950 4097 1017 4178 quia
1036 4113 1081 4156 ros
1100 4097 1139 4156 ita
1159 4095 1231 4154 lere-

98 4179 167 4252 bat,
191 4176 263 4236 dixit
286 4193 324 4234 se⁴
340 4175 441 4235 aliene
465 4175 621 4234 doctrinam
645 4173 680 4235 dc
700 4175 825 4256 quodam
844 4173 909 4236 Deo
928 4177 1036 4257 ignoto.
1071 4173 1230 4258 Postquam

99 4263 200 4318 autem
224 4273 274 4316 eos
296 4255 356 4314 lolli
381 4255 524 4336 praelatus
542 4259 600 4328 est,
629 4255 707 4336 qood
725 4257 865 4316 nescirent
924 4258 1013 4316 ianam
1032 4255 1168 4317 colendus
1187 4257 1244 4312 es-'

102 4343 150 4399 set
169 4331 266 4410 Deus,
290 4341 320 4396 et
342 4337 372 4396 iu
398 4352 500 4418 magna
524 4335 642 4395 deorum
667 4337 797 4416 congerie
821 4355 879 4395 non
919 4335 1035 4397 aberent
1052 4344 1163 4397 certum
1181 4333 1231 4396 ali-

103 4415 185 4498 quod
209 4434 330 4492 nomas,
353 4433 430 4477 nunc
454 4435 485 4476 se
503 4414 626 4478 insinuat
645 4421 674 4477 et
693 4416 821 4478 toronus
841 4417 974 4484 conciliat
992 4435 1059 4478 suaa
1078 4417 1232 4488 doctrinae,

887 4543 895 4576 Ι

318 3315 387 3354 xum
416 3295 599 3355 erat'corum
624 3297 738 3370 animis,
768 3291 823 3352 boc
847 3297 959 3356 axioma
983 3297 1084 3372 sumit,
1113 3293 1250 3356 Nescire·

1267 2318 1275 2356 t
