2792 4856
552 245 681 310 CAPUT
706 246 728 308 l.
810 290 814 300 ·
1166 249 1204 310 11

73 363 213 432 uidimus
246 363 381 458 gloriam
415 361 509 444 eluas
528 343 660 452 gloriam
691 369 843 448 tauquam
870 356 1024 450 Unigeniti
1055 355 1205 428 aPotrer
1324 361 1332 378 ⁸

74 469 192 562 plenus
213 469 330 564 gratiae
353 477 387 538 et
408 466 552 537 veritatis.
1112 478 1117 496 ¹

155 599 206 661 14.
225 601 267 661 Et
281 619 381 661 serrae
394 597 579 678 corosoctor
590 603 642 656 est.
666 591 726 654 lom
742 593 827 653 docet
840 591 934 673 qualis
948 591 997 652 ille
1009 591 1206 658 tuedtchrtrtt

69 675 227 754 adventus,
247 679 284 739 de
300 697 361 756 quo
375 677 549 736 meminerat:
569 693 673 756 nempe
682 673 759 752 quod
769 692 853 733 corne
861 679 961 732 nostru
975 672 1098 742 indotos,
1115 691 1205 754 sepa·

68 757 132 816 lam
153 756 415 818 mrrndoostendit.
452 753 515 815 Etsi
535 761 630 814 autom
649 753 791 813 ineffabile
809 771 954 822 arcanum,
974 749 1121 832 quodDei
1132 753 1206 812 filiun

67 833 387 898 humanumuatoram
405 833 537 912 induerit,
554 833 679 894 breviter
698 829 1005 912 attingitEvongelista,
1024 831 1097 890 urire
1114 837 1208 894 ramea

66 918 236 995 perspicua
255 921 296 976 est
313 913 381 974 haee
399 913 531 974 brevitas.
558 910 674 973 Ludunt
693 911 740 971 hie
759 911 875 991 quidam
893 917 921 972 ct
939 911 1083 991 ineptiant
1102 909 1209 970 frivolis

66 996 204 1074 argutio
222 995 298 1060 deliri
315 993 453 1068 homines,
473 991 642 1054 Sermonem
656 991 710 1052 dici
720 1009 835 1052 carnem
843 989 1030 1064 esselaetum
1050 990 1120 1069 qrria
1129 987 1211 1050 Deua

65 1073 190 1134 Filium
213 1093 306 1146 eonor,
322 1080 367 1142 ‚ot
386 1080 482 1144 mente
501 1078 685 1153 conceperat,
714 1069 859 1132 homiuem
880 1069 911 1130 in
929 1070 1069 1132 mundum
1088 1069 1211 1139 miserit:
1234 1090 1236 1100 ·

68 1151 272 1232 quosiSermo
290 1151 338 1220 illa
357 1151 516 1222 umbratilis
533 1154 630 1214 nescio
643 1147 811 1232 quoeloerit
822 1150 893 1210 idea
918 1147 1009 1232 Atqui
1016 1147 1203 1221 ostendimus,

66 1251 179 1294 verum
195 1233 225 1292 in
242 1233 365 1296 essentia
383 1232 441 1327 Dei
460 1231 480 1294 h
523 1233 630 1327 astasio
648 1231 770 1312 exprimi
792 1229 848 1292 hac
871 1246 952 1325 vpce.
997 1231 1105 1290 Cornu
1123 1228 1210 1289 etiam

68 1311 564 1452 iffllliilm‘liiiliii
580 1305 1210 1470 ‘ttetffitrttttttttrtttt

69 1477 152 1528 ctam
163 1471 356 1532 conditionem
364 1467 422 1530 Dei
435 1469 512 1552 silius
527 1478 625 1532 nostra
639 1490 724 1532 causa
738 1489 776 1532 ex
786 1469 914 1530 coelestis
929 1488 997 1528 auae
1010 1467 1117 1548 gloriae
1128 1466 1208 1528 celsi·

67 1549 176 1610 tudine
194 1549 381 1632 descenderit
406 1547 555 1632 Scriptura
574 1571 664 1632 quam
684 1549 719 1610 de
738 1547 853 1610 homine
872 1549 1056 1629 contemptim
1073 1547 1210 1627 loquitor,

68 1647 191 1688 comem
215 1631 369 1770 aplpollat,
402 1627 503 1707 Quum
526 1637 622 1692 autem
639 1637 720 1706 tanta
738 1632 775 1692 ait
794 1629 925 1702 distantia
943 1631 1018 1688 iuter
1035 1625 1215 1708 spiritualem

72 1705 225 1786 &monis
276 1712 313 1775 ci.
343 1707 454 1786 loriam,
473 1716 502 1770 ct
520 1709 634 1792 putidae
653 1711 744 1774 carnis
763 1716 876 1770 noemae
895 1708 1003 1782 sordes,
1022 1725 1149 1786 eousque
1167 1710 1209 1766 to·

68 1807 142 1847 men
164 1808 197 1862 se
217 1787 295 1856 filius
346 1789 373 1851 ei
391 1788 533 1868 submisit,
563 1797 596 1850 ut
619 1810 737 1852 carnem
753 1791 837 1852 istam
856 1793 900 1850 tot
918 1787 1037 1850 miseriis
1056 1783 1212 1848 obnoxiam

65 1869 244 1948 susciperet
277 1867 432 1932 Caeterum
446 1868 521 1932 Caro
539 1871 656 1932 minime
673 1869 722 1930 lrio
735 1891 788 1951 pro
802 1873 935 1950 corrupto
949 1873 1052 1928 natum
1064 1865 1212 1945 accipitur,

64 1945 115 2024 (ut
132 1967 227 2027 saepe
242 1947 322 2027 apud
334 1945 480 2026 Paulum),
498 1949 548 2010 aad
562 1971 615 2031 pro
630 1949 749 2010 homine
759 1947 884 2010 mortali:
904 1947 1017 2008 tametsi
1034 1945 1164 2025 fragilem
1181 1949 1213 2006 ct

60 2022 181 2103 'prope-
194 2027 346 2084 evanidam
358 2027 420 2086 eius
434 2034 564 2088 naturam
576 2049 629 2107 per
641 2035 835 2109 contemptum
848 2025 1013 2088 nototPsol.
1023 2025 1072 2101 78,
1082 2027 1135 2088 39:
1154 2021 1210 2084 Re-

61 2103 221 2173 cordatus
240 2109 286 2162 cst
304 2103 372 2181 quia
386 2121 454 2162 caro
468 2112 543 2182 sunt.
564 2103 673 2180 leeaiee
682 2107 731 2179 40,
740 2109 772 2171 d:
792 2101 894 2166 Omnis
908 2125 974 2166 caro
988 2105 1118 2164 foenum,
1132 2109 1161 2163 et
1175 2103 1212 2162 ei·

64 2181 198 2258 milibus
218 2179 299 2242 locis.
322 2179 423 2240 simul
442 2187 538 2242 tanmn
557 2181 766 2250 observandam
784 2187 827 2240 est
844 2183 1077 2259 synecdochieam
1096 2201 1158 2242 esse
1171 2179 1212 2240 lo·
1275 2181 1282 2194 '

66 2261 261 2340 pontionem,
282 2259 351 2338 quie
368 2277 436 2340 pars
454 2259 572 2324 interm
590 2267 688 2324 tottam
704 2259 850 2322 hominem
869 2259 1088 2338 comprehcndit.
1121 2257 1215 2316 Stulte

68 2361 142 2421 ergo
155 2338 352 2420 Apollinaris,
372 2339 422 2418 qui
442 2335 588 2400 Christum
606 2339 734 2422 fingebat
753 2358 874 2420 corpore
892 2344 1004 2398 tantum
1022 2331 1148 2403 hunno
1168 2355 1216 2396 vc-

70 2423 176 2480 etitum
194 2417 307 2498 absque
327 2417 429 2478 anima.
455 2415 531 2479 Nam
549 2439 587 2480 ex
606 2421 763 2480 innumeris
783 2418 951 2496 testimoniis
970 2412 1101 2498 colligere
1119 2435 1214 2496 prom·

71 2505 162 2578 ptum
179 2504 232 2574 est,
253 2517 315 2558 non
333 2497 427 2592 minus
446 2497 540 2598 aqima
559 2518 647 2580 qnam
662 2518 781 2580 corpore
788 2497 955 2594 praeditum
968 2497 1064 2592 irrisae.
1089 2485 1211 2591 EtScrr'·

287 2575 428 2719 imre
443 2575 1214 2738 irretiri

75 2734 1131 2898 timorusrttttrrutttattundetur„
1145 2734 1212 2904 tt?

75 2896 254 2956 trisseduas
272 2897 303 2956 io
317 2895 432 2958 Christo
450 2903 578 2980 aarum,
597 2903 631 2958 ut
649 2917 723 2974 pons
737 2904 823 2978 atque
838 2895 914 2976 idem
930 2884 1060 2972 Christus
1073 2914 1160 2956 verus
1174 2895 1216 2969 sit,

77 2973 158 3036 Deon
178 2981 209 3036 et
226 2974 324 3036 homo.
357 2976 488 3038 Alterum
507 2996 587 3054 vero,
606 2997 666 3036 non
686 2975 797 3046 obstare
815 2995 955 3058 personae
974 2977 1121 3050 unitatem,
1140 2974 1212 3055 quin

78 3055 227 3132 distinctae
245 3062 364 3119 naturae
373 3063 515 3132 maneant,
535 3059 575 3118 ito
595 3063 629 3120 ut
642 3055 773 3116 dirutus
787 3055 924 3136 quicquid
938 3053 991 3116 sibi
1005 3055 1155 3134 proprium
1168 3059 1213 3117 est

78 3137 204 3208 moneor,
223 3135 384 3196 humanitas
403 3138 488 3198 etiam
507 3155 637 3198 seorsum
655 3133 759 3196 habeat
774 3135 896 3216 quadiu
910 3152 974 3194 earn
988 3133 1134 3212 competit
1156 3130 1215 3192 lu-

80 3233 136 3292 qne
146 3213 234 3277 Satan
254 3235 347 3294 quum
365 3217 450 3276 variis
465 3217 635 3296 delitiisper
650 3215 808 3276 haereticos
821 3219 941 3274 conatus
955 3212 991 3272 eit
1000 3230 1099 3272 sanam
1108 3209 1218 3272 doctri.

81 3311 149 3352 nam
172 3293 351 3368 subvertere,
379 3314 492 3375 semper
514 3303 611 3356 tamen
630 3313 668 3354 ex
687 3293 798 3354 dnobus
817 3293 862 3354 hia
881 3291 1024 3354 emoribus
1042 3291 1211 3354 alterutrum

80 3371 200 3432 invexit:
218 3374 267 3434 vel
288 3371 435 3434 Christum
454 3375 495 3432 ito
514 3374 631 3433 consono
648 3373 741 3434 filium
753 3371 813 3432 Dei
831 3391 893 3432 esse
912 3378 941 3432 et
959 3370 1093 3443 hominis,
1104 3377 1144 3445 „ut
1162 3391 1213 3432 ue·

80 3471 135 3530 que
154 3471 207 3512 aun
225 3453 268 3512 illi
288 3451 421 3512 divinitas
440 3452 549 3534 integra
567 3459 703 3526 maneret,
721 3468 817 3527 neque
836 3469 903 3508 vara
915 3440 1039 3510 hominis
1052 3455 1155 3512 natura
1169 3468 1212 3507 cc·

81 3539 122 3592 set
142 3531 348 3594 emcumdatus:
374 3531 421 3592 vel
438 3533 586 3601 itonam
605 3547 666 3590 esse
684 3529 829 3598 vestitum,
847 3533 882 3586 ut
900 3529 981 3606 quasi
1001 3527 1110 3607 duplex
1128 3532 1214 3600 esser,

81 3610 208 3692 mosque
227 3611 344 3672 haberet
363 3612 468 3672 divism
486 3628 635 3692 personna·
659 3605 710 3680 Sic
729 3607 797 3668 olim
806 3603 955 3680 Nestorius
975 3602 1078 3664 diserta
1097 3603 1218 3682 conlimae

81 3688 164 3750 betur
181 3697 334 3772 utramque
351 3698 491 3768 natur-om,
511 3691 562 3752 sed
573 3687 719 3768 Christum
733 3707 823 3748 unum
836 3683 991 3748 fabricabat
1004 3681 1111 3762 Deum,
1129 3691 1160 3762 et
1173 3685 1213 3748 al.

82 3775 176 3830 terum
202 3769 358 3836 homiuem.
407 3769 554 3850 Eutyches
579 3777 675 3840 auteur
699 3775 813 3844 contra,
842 3785 935 3848 quoru
955 3763 1099 3826 Christum
1122 3786 1212 3832 unum

82 3858 248 3932 agnosceret
256 3849 314 3912 Dei
332 3857 362 3912 et
374 3849 497 3912 honriois
509 3851 610 3924 filiun,
629 3857 760 3910 neutram
775 3868 812 3914 ax
826 3843 937 3908 duabus
950 3845 1056 3906 notorie
1070 3846 1110 3908 illi
1126 3849 1213 3914 rolino
1261 3925 1263 3932 Ι

120 3929 200 4004 ebat,
225 3933 277 3992 sed
295 3929 420 4011 lingebat
438 3949 501 3992 osse
520 3931 605 3992 simol
623 3931 802 4012 permixtaeg
828 3925 866 3988 Et
884 3923 1020 3998 Servetur
1039 3925 1124 3989 hodie
1144 3949 1216 3994 oum¹

84 3949 282 4151 litte
293 4008 667 4170 trite
683 4006 1212 4168 circumcurre

85 4109 985 4249 iem
1003 4167 1214 4308 rimer

252 1771 255 1784 Ι

88 4327 203 4388 vinitote
223 4327 355 4472 absorpitp
368 4333 420 4390 est.
449 4325 501 4388 Hic
520 4325 658 4388 ambobus
678 4327 828 4410 sacrilegiis
846 4317 1008 4387 refellendis
1027 4325 1156 4408 apposite
1170 4325 1212 4390 lo·

347 4413 385 4472 ta.
411 4401 511 4489 Quam
525 4407 693 4472 Sermonem
713 4407 780 4470 dicit
798 4411 912 4472 carnem
925 4424 988 4470 erse
1000 4403 1118 4484 ierom,
1136 4406 1211 4468 clare

406 4561 416 4580 N

88 4407 184 4486 quitur
197 4403 314 4491 Brange
