2810 4850
170 233 210 294 to
561 223 601 298 lN
620 220 763 284 EVANG.
782 220 913 283 lOANN.

221 346 293 418 aria,
317 339 556 425 queirradmotlum
575 359 613 400 ex
631 339 816 419 querimoniis
898 338 961 418 gnei
980 337 1053 401 clarc
1073 343 1153 420 patet
1172 339 1222 418 (1,
1241 344 1293 423 4.).

49 451 51 458 ’
169 365 277 486 gerere
297 418 736 498 enimlodaeos=accusat,·quod
751 357 1296 506 nimicoihulointcutiadexstruendas

171 505 296 585 privatas
320 503 416 576 sedes,
444 498 502 559 Dei
525 500 663 578 templum
682 499 814 558 mutilum
837 499 1044 576 relinquerent,
1078 497 1137 559 Sed
1157 521 1298 580 quorsum

171 585 232 652 eius
261 582 359 663 templi
386 581 558 648 mentionem
581 579 701 654 iaciunt,
730 578 809 658 quod
833 577 868 640 ab
887 577 1001 638 Herode
1025 578 1132 658 quadra
1152 582 1159 596 ‘
1182 587 1212 641 ta
1230 591 1299 644 auto

172 664 253 724 annis
276 663 322 722 rel
346 661 455 720 circiter
479 659 606 718 eucimm
629 659 739 718 iuerat?
778 656 852 720 Nem
875 657 953 738 quod
976 663 1047 718 tuuc
1064 657 1136 720 habe
1193 667 1205 722 t
1224 669 1297 734 tem.

170 745 266 824 plum,
289 742 400 802 tmesi
419 738 692 818 magnificentissime
711 745 740 798 et
757 738 875 798 immani
893 743 1011 818 sumptu
1029 744 1091 798 erat
1109 747 1298 818 exstructum,

169 825 242 884 intra
262 829 328 884 octo
347 828 442 882 tamen
461 839 551 880 anuos
569 818 698 880 Herodes
715 825 830 899 praeter
854 818 1002 892 bominum
1022 817 1185 900 opinionem
1204 821 1298 882 absol·

169 909 268 976 rerat,
284 909 315 962 ut
334 899 419 960 reicit
438 899 575 980 Iosephus
594 899 657 966 libr.
677 899 783 980 antiqq.
805 899 852 961 15.
872 917 934 980 cap.
953 898 1064 961 ultimo.
1105 898 1177 960 illibi
1194 902 1299 984 proba·
1334 960 1336 969 ,

92 1011 99 1020 ·
165 982 225 1042 bile
245 982 371 1056 uidetur,
400 978 659 1060 perindehabitam
676 979 766 1040 fuisse
782 997 888 1040 novam
906 985 963 1038 tem
984 977 1006 1038 li
1025 985 1214 1056 sanctornm,
1241 983 1300 1046 acsi

170 1069 251 1122 vetus
270 1061 342 1120 illud
360 1080 479 1141 semper
490 1061 519 1120 in
539 1061 616 1121 statu
634 1080 687 1120 suo
707 1059 845 1133 durasset,
885 1079 924 1120 uo
942 997 1008 1138 pihs
1023 1061 1211 1122 venerationis
1226 1061 1299 1122 inas·

167 1149 225 1203 set:
246 1148 332 1220 atque
352 1142 448 1205 ita‘ax
467 1140 578 1220 vulgari
597 1146 626 1202 ot
645 1141 748 1210 usitato
767 1080 884 1203 morri

87 1233 91 1240 ’
168 1221 250 1301 plum
269 1240 288 1278 a
305 1220 431 1300 patribus
456 1239 568 1282 surume
592 1218 757 1280 difficultate
781 1219 832 1278 vix
855 1138 1301 1302 pppspmllpqaptthsdrpgrqpqlatqqrg

60 1359 65 1370 ,
170 1301 316 1360 conditum
344 1299 444 1362 suerat·
492 1299 584 1361 Porro
608 1299 679 1360 haec
697 1299 845 1379 responsio
865 1299 932 1359 satis
952 1299 1090 1374 ostendit,
1119 1319 1178 1378 quo
1202 1302 1299 1362 auinro

169 1380 281 1459 siguum
301 1380 440 1460 petierint.
481 1377 555 1443 Nam
579 1381 603 1443 si
625 1381 716 1460 parati
740 1381 859 1452 fuissent
878 1377 1039 1459 Prophetae
1060 1378 1193 1452 diuinitus¹
1211 1381 1300 1440 misso

168 1466 336 1528 reverenter.
350 1459 484 1538 obsequi,
496 1479 562 1529 mon
582 1459 761 1538 itasuperho
780 1459 976 1601 rqpudiessent
994 1459 1079 1538 quoti·
1091 1459 1132 1534 de
1148 1457 1244 1533 officii¹
1255 1462 1301 1522 sui

165 1547 205 1618 rip
227 1538 375 1601 robatione
397 1540 515 1602 dixerat.
553 1537 771 1606 ..Testimonium
824 1539 911 1618 'quod
932 1538 1043 1608 divinae
1063 1539 1184 1607 virtutis
1195 1539 1301 1612 habero

168 1637 206 1679 vo
259 1625 286 1692 t,
315 1620 429 1688 interea
440 1619 511 1686 nibil
529 1619 683 1700 adnuttunt
691 1618 780 1758 =quod
799 1639 859 1678 nou
877 1617 1027 1682 hominum
1044 1618 1164 1681 modulo
1176 1637 1300 1700 respon·

167 1698 241 1760 dent·
261 1735 265 1762 ι
282 1693 332 1760 Sic
349 1698 434 1765 horte
453 1697 585 1780 Btpistae
603 1701 691 1761 mirac
722 1717 739 1758 a
758 1699 894 1778 bogimnt,
913 1717 974 1760 noa
993 1699 1071 1778 quod
1090 1698 1188 1772 locum
1207 1699 1303 1760 dabui

166 1779 224 1838 siut
241 1777 299 1838 Dei
317 1780 470 1859 potentiae,
490 1781 570 1856 (nam
589 1779 644 1840 illis
663 1777 756 1841 fixum
774 1785 828 1853 est,
846 1777 977 1864 homines
995 1777 1226 1874 praeterrerlieo,
1245 1799 1302 1842 nec

166 1875 295 2016 tritt
312 1857 1301 2018 trartttttstrtartunarttbttratt

166 2016 245 2080 hunc
264 2025 434 2098 praetexunt
451 2038 520 2078 suae
539 2018 723 2098 pervicaciae.
762 2017 805 2090 lta
821 2038 911 2090 ,como
926 2019 1032 2099 impeto
1046 2016 1303 2090 infideliomanimi

167 2115 265 2158 secum
284 2097 503 2172 tumultuantur,
521 2105 554 2158 ut
573 2095 629 2159 Dei
648 2115 766 2158 menum
784 2097 839 2161 sibi
858 2097 968 2162 ostendi
987 2095 1112 2180 cupient,
1130 2117 1187 2160 nec
1204 2104 1302 2160 tamen
1326 2161 1332 2180 ,

166 2177 292 2238 divinam
311 2177 489 2242 essevclint
544 2199 557 2243 .’
623 2235 626 2246 .
686 2187 689 2194 “

131 2303 137 2325 .
246 2261 294 2318 22.
318 2262 415 2331 Quum
434 2280 511 2339 ergo
528 2266 705 2320 mesmes
725 2281 746 2322 o
763 2263 897 2320 mortuis
936 2255 1108 2318 ilccorrlatio
1126 2255 1198 2318 haec
1214 2276 1302 2337 snpe-

166 2335 236 2412 riori
254 2336 310 2396 fuit
328 2337 436 2410 similis,
457 2338 538 2408 cuius
557 2357 650 2418 nuper
667 2338 796 2398 meminit
809 2334 999 2418 Euangelisla
1030 2333 1301 2418 LoqueutemChri-

167 2422 243 2472 stum
264 2435 323 2474 uon
342 2416 535 2496 intelligebant
555 2417 698 2496 discipuli:
716 2423 818 2498 postea
838 2436 891 2480 suo
911 2423 1040 2496 tompore
1060 2415 1185 2478 tructam
1203 2423 1303 2500 protu-

166 2493 209 2565 lit,
230 2511 304 2571 quae
322 2493 429 2554 frustra
446 2496 477 2554 in
497 2503 592 2558 aerem
607 2497 755 2568 evanuisse
767 2496 1059 2568 ridebaturdoctrina.
1083 2493 1161 2578 Ergo
1172 2496 1305 2578 quamvis

168 2572 259 2640 mrssto
278 2573 308 2632 in
327 2571 446 2633 Domini
465 2573 545 2634 factis
564 2581 595 2634 et
614 2575 698 2636 dictis
715 2577 751 2635 ad
771 2583 883 2657 tempus
902 2575 1025 2638 obscum
1043 2576 1109 2652 siut,
1127 2597 1189 2638 non
1209 2577 1304 2636 statim
1358 2621 1364 2634 .

168 2654 356 2729 assequimur.
398 2650 602 2714 observandus
622 2662 665 2715 est
684 2662 845 2730 contextus,
865 2656 945 2736 quod
963 2655 1128 2736 Scripturas
1148 2664 1178 2720 et
1197 2655 1305 2716 Christi

168 2733 292 2791 sermoni
317 2731 493 2794 crediderint
544 2732 691 2814 Significat
714 2737 791 2796 enim
810 2735 1005 2817 Evangelista,
1035 2734 1212 2817 Scriptorum
1237 2755 1305 2796 cum

170 2807 276 2870 Christi
296 2831 427 2872 sermone
447 2813 620 2876 conserendo
638 2816 727 2877 luisse
747 2816 868 2890 adiutos,
887 2822 921 2880 ut
938 2815 970 2876 iu
988 2815 1045 2877 lide
1064 2816 1244 2898 proficerent.

257 2959 310 3024 93.
334 2959 442 3044 Quum
465 2971 571 3030 autem
589 2972 673 3030 esset
689 2962 722 3030 in
733 2943 885 3032 Pasrhate
896 2959 1125 3054 Hierosolymis
1142 2939 1193 3032 ‹li'e
1210 2963 1305 3046 festo,

167 3063 259 3132 multi
282 3065 479 3134 crediderunt
499 3067 533 3134 iu
555 3091 674 3136 nomen
697 3070 775 3152 eius,
802 3069 946 3138 videntes
968 3070 1053 3162 signa
1075 3091 1156 3160 quae
1179 3069 1303 3138 edebat.

166 3167 220 3236 24.
248 3171 320 3262 lpse
343 3183 450 3241 eutem
473 3171 561 3242 lesus
582 3199 649 3242 non
671 3175 818 3246 credebat
839 3175 1045 3270 semetipsmn
1068 3175 1128 3260 eis,
1150 3199 1190 3246 eo
1214 3175 1304 3268 quod

167 3277 237 3367 ipse
259 3291 371 3348 nosset
393 3305 519 3348 omnes:
541 3283 594 3349 25.
617 3281 685 3352 Nec
708 3305 790 3376 opus
813 3283 943 3352 haberet
964 3293 1001 3350 ut
1023 3283 1191 3375 quisquam
1212 3293 1305 3352 testa·

167 3393 256 3451 retur
278 3385 318 3454 do
339 3385 479 3455 homine.
512 3388 584 3481 lpse
606 3391 690 3457 enirn
713 3390 831 3459 sciebat
853 3390 930 3483 quid
952 3401 1036 3459 esset
1057 3391 1090 3458 in
1112 3389 1252 3458 homine.

249 3535 298 3598 23.
332 3535 428 3594 Molli
447 3537 632 3600 crediderant
653 3546 705 3598 ete.
745 3535 885 3676 Apposite
904 3533 1188 3599 manumissionem
1206 3536 1304 3616 proxi·

791 3624 840 3678 mr
858 3616 964 3687 Iudaei,
989 3615 1121 3676 Christus
1139 3636 1199 3676 non
1219 3613 1303 3674 dede·

167 3702 220 3751 rat.
261 3693 346 3758 Nono
366 3715 456 3772 qaum
476 3695 604 3775 pluribus
624 3697 767 3755 miraculis
788 3697 859 3758 nihil
877 3695 955 3756 aliud
974 3695 1127 3777 profecerit
1146 3694 1223 3776 apud
1242 3714 1303 3766 eos,

166 3771 220 3828 nisi
240 3779 273 3830 ut
293 3773 422 3851 frigidam
447 3781 477 3842 et
496 3773 676 3834 umbratilem
700 3774 788 3836 fidem
811 3777 1007 3857 conciperent,
1037 3777 1104 3836 satis
1134 3773 1305 3854 comprobat

166 3845 215 3908 hic
234 3858 367 3926 eventus,
391 3853 628 3934 indignos'saissc
648 3875 773 3934 quorum
792 3857 867 3916 volis
888 3856 1103 3938 obtemperaret.
1155 3853 1221 3916 Fuit
1239 3855 1303 3934 qui-

167 3927 232 3988 dem
253 3928 299 3990 hic
319 3929 420 4010 uliquis
434 3935 582 4014 signorum
591 3933 710 4010 tructus,
790 3934 1011 3998 dinChristum
1020 3935 1304 4010 multicreditlerunt,

165 4007 296 4088 adeoque
313 4010 343 4068 iu
357 4031 462 4072 uomon
477 4015 547 4088 eius,
567 4020 600 4074 ut
614 4033 645 4074 sc
660 4017 721 4076 eius
730 3957 893 4080 histrum
911 4017 993 4098 sequi
1007 4015 1081 4082 velle
1094 4015 1304 4094 ¹profiterentur

167 4091 298 4164 (ll'omeo
319 4091 396 4152 enim
416 4095 589 4172 puotoritalis
609 4095 674 4155 looo
693 4095 740 4156 hio
759 4099 884 4178 positum
903 4099 974 4176 est),
998 4102 1112 4178 poterat
1134 4093 1207 4156 haec
1252 4113 1304 4152 ua·

164 4167 312 4249 lisounque
337 4168 403 4230 fidei
429 4175 553 4252 species,¹
581 4195 656 4254 quae
680 4176 775 4242 adhuc
799 4185 862 4240 erut
885 4177 1019 4250 evanida,
1048 4177 1079 4238 iu
1098 4193 1197 4236 veram
1215 4115 1305 4234 tiam

165 4249 282 4311 demum
307 4270 464 4331 emergere,
494 4261 607 4333 poterat
632 4255 703 4319 baec
723 4258 800 4319 utilis
818 4277 881 4318 esse
901 4257 1081 4340 praeparatio
1102 4256 1139 4316 erl
1158 4254 1303 4316 celebran-

99 4347 107 4354 ·
164 4328 235 4388 dum
254 4331 332 4410 apud
353 4331 425 4392 ahos
447 4331 553 4394 Christi
577 4355 697 4396 nomen:
726 4344 771 4398 est
800 4345 896 4400 mmen
920 4337 992 4398 illud
1011 4357 1112 4398 rerum
1133 4333 1211 4416 quod
1232 4333 1304 4394 dixi·

162 4427 242 4482 mos,
262 4408 363 4489 procul
384 4411 509 4474 abluisse
529 4433 546 4473 a
566 4423 645 4476 recto
664 4417 783 4496 affectu,
803 4420 886 4480 utin
906 4418 1009 4480 divinis
1029 4415 1164 4499 operibns
1184 4413 1304 4496 proiice-

166 3632 231 3677 meo
251 3616 402 3674 connectit.
445 3613 575 3694 Signum,
600 3617 685 3695 quale
704 3624 770 3696 pete
