2786 4870
216 220 283 339 n]
611 227 930 305 moorrnrosr.

208 349 345 419 'alienntn
392 351 458 416 Solo
483 353 551 438 qnid
568 349 661 416 ledaei
685 354 865 437 obganniantr
894 355 960 416 nihl
983 375 1096 440 quoqne
1125 361 1221 442 regios
1234 341 1316 426 ‘nrm
1380 417 1381 422 ,

214 437 330 504 nim
349 434 497 494 nominari.¹
535 432 645 496 ζ66666
674 433 721 495 hio
748 435 783 496 de
807 435 961 498 sooerdotio
985 439 1087 534 apitnr,
1118 443 1206 521 quale
1222 441 1317 506 lton

216 518 276 598 rogi
293 513 474 575 Melchisedec
492 511 610 573 6666666
658 511 696 574 llt
723 515 844 576 sancitam
867 515 982 576 solemni
1008 518 1189 580 mreinrando
1208 541 1316 584 novum

191 595 358 677 ,quoddam
385 593 584 666 sacerdotium,
620 592 739 688 ideoque
765 591 836 654 nihil
864 593 910 654 hic
933 595 1048 676 vulgare
1068 603 1115 658 aut
1138 599 1316 661 ordinarium

216 673 394 756 cogitandum
411 675 467 747 est,
504 671 581 752 atqui
600 657 703 732 Davidr
720 671 797 732 nelos
815 671 923 747 tuimet,
948 693 978 734 oe
996 677 1118 756 ingerere
1134 679 1165 738 in
1183 679 1314 760 aliquam

214 761 324 837 partem
342 752 462 813 moneris
481 751 666 812 sacerdotalis.
694 749 845 830 Quomodo
863 752 947 832 igitur
964 753 1103 814 diceretur
1118 759 1183 847 mn
1197 757 1316 820 Acrone
1380 805 1381 810 ,

215 836 319 908 maior,
346 839 377 892 et
399 831 429 890 in
446 837 611 912 perpetuom
629 849 646 890 a
664 828 728 891 Deo
747 834 942 892 consecratus?
979 831 1132 894 Caeterum
1148 839 1213 916 qrria
1230 858 1313 918 prae·

213 914 301 986 ‚sentis
319 911 437 971 instituti
454 931 512 970 non
530 916 581 984 est,
599 916 691 970 totam
709 908 852 970 Psolmom
869 927 1019 994 exponere,
1044 913 1167 974 sufficiat
1182 913 1252 976 6666
1270 937 1314 976 ra-
1380 965 1381 968 η

214 994 256 1054 66
276 1009 360 1072 quam
379 988 479 1050 Petrus
498 987 619 1063 adducit,
642 988 755 1072 practici
773 996 864 1050 ter-rm
881 997 910 1050 et
929 991 1014 1052 coelis
1033 989 1202 1067 Dominum,
1220 997 1273 1076 qni
1286 997 1316 1054 io

211 1071 329 1134 'dextera
347 1067 403 1130 Dei
426 1069 520 1130 sedem
541 1066 632 1129 halet.
680 1065 824 1150 Quantum
849 1067 885 1128 ad
902 1071 1057 1131 secundnm
1075 1071 1237 1132 membrum
1255 1093 1315 1132 ver·

214 1170 264 1214 sus
283 1149 318 1210 de
336 1148 486 1212 sternendis
500 1145 556 1211 sut
574 1147 659 1230 podes
677 1146 812 1225 hostibus,
830 1148 982 1231 logeqoao
1000 1152 1134 1214 annotavi
1152 1151 1190 1212 ad
1207 1149 1229 1213 l
1249 1151 1313 1213 Cor.
1380 1195 1381 1218 r

215 1230 338 1372 15'2356.
378 1311 462 1370 verro
485 1314 580 1390 igitur
597 1315 762 1403 eognoscat.
801 1303 994 1370 conflabatur
1016 1307 1114 1369 domm
1136 1309 1221 1370 lsrael
1242 1331 1311 1384 666-

213 1395 309 1468 turum
331 1405 392 1448 essa
411 1386 566 1459 Christum,
594 1406 644 1467 qur
666 1387 819 1468 promissos
841 1385 944 1448 inerat:
972 1389 1095 1468 quisnam
1114 1389 1182 1450 v'ero
1200 1389 1247 1448 lrio
1264 1409 1309 1450 cs·
1380 1383 1381 1458 J

213 1475 270 1540 set,
299 1485 356 1526 non
375 1464 493 1526 tenebat
541 1463 640 1546 ltaque
658 1465 798 1526 concludit
816 1463 931 1542 Petras,
958 1467 1046 1528 lesum
1064 1467 1114 1546 qni
1130 1473 1188 1527 tarn
1207 1475 1309 1529 66666·
1380 1495 1381 1548 3

212 1547 327 1607 meliose
355 1543 465 1604 habitus
488 1543 587 1618 inerat,
616 1545 673 1606 imo
696 1547 775 1605 ouius
798 1563 902 1607 nornen
923 1552 1062 1628 untopere
1080 1545 1307 1620 exsecrabantur,
1380 1557 1381 1620 1

138 1661 143 1670 ·
212 1645 279 1686 eum
298 1643 371 1698 esse,
399 1642 483 1704 quem
501 1642 517 1682 a
555 1641 650 1684 oseem
668 1643 721 1704 pro
740 1623 864 1686 Domino
882 1631 912 1686 et
929 1627 1047 1686 revereri
1064 1624 1190 1686 debeant
1228 1623 1310 1685 Ferit
1380 1641 1381 1706 j

211 1723 278 1766 enm
289 1701 384 1778 ’1)666,
402 1704 501 1784 inquit,
549 1703 672 1763 ominum
691 1711 721 1764 ct
739 1701 895 1782 Christum,
919 1703 976 1765 lroc
993 1711 1042 1780 est,
1064 1725 1124 1764 non
1140 1703 1213 1765 alius
1229 1705 1311 1764 vobis
1380 1707 1381 1774 ζ

212 1781 364 1864 sperandus
388 1789 445 1857 est,
473 1801 557 1864 qnam
576 1780 623 1842 ltin
641 1788 747 1842 oreatus
766 1789 795 1844 ct
813 1783 893 1844 datus
911 1803 929 1844 a
947 1782 1020 1845 Deo.
1066 1781 1158 1844 Porro
1178 1783 1244 1844 dicit
1261 1783 1309 1843 Fa·
1380 1807 1381 1810 ¹

210 1869 303 1935 6666,
331 1863 397 1942 quia
414 1860 494 1922 Dens
512 1857 596 1920 Pater
618 1859 694 1922 huno
715 1861 756 1922 illi
779 1861 914 1924 honorem
938 1864 1094 1924 contulerit
1142 1861 1260 1924 Domini
1278 1865 1309 1922 ti·
1380 1925 1381 1946 ¹

210 1941 302 2001 tulum
320 1942 420 2002 ooninn
441 1941 463 2000 't
481 1959 545 2001 cum
564 1937 668 2001 Christi
686 1943 813 2016 nominc,
841 1944 907 2024 qnia
930 1943 1015 2024 volgo
1040 1943 1138 2002 tritum
1157 1949 1218 2002 erat
1236 1961 1253 2001 a
1274 1941 1309 2000 nd
1380 1961 1381 2000 3

208 2019 336 2095 ludaeos,
355 2019 408 2083 666
446 2027 448 2032 ”
505 2019 665 2100 ungendum
683 2040 744 2081 esse
761 2019 988 2104 Redemptorem‚
1014 2029 1047 2082 nt
1064 2027 1150 2102 capnt
1167 2028 1242 2082 esset
1254 1963 1310 2080 616·

210 2099 318 2176 clesiae,
337 2107 422 2181 atque
440 2097 489 2159 illi·
538 2098 669 2160 bertrandi
687 2107 810 2184 potestas
829 2099 993 2181 summaque
1012 2115 1106 2176 rernm
1124 2101 1248 2161 omnium
1262 2100 1307 2160 da·
1362 2153 1381 2180 t,

200 2187 295 2240 ⁴retur.
334 2178 372 2240 llt
389 2185 479 2239 totam
510 2179 604 2238 sraelis
623 2177 737 2240 domum
756 2181 912 2262 compellat,
931 2181 989 2242 sesi
1008 2179 1119 2254 diceret,
1139 2179 1310 2258 Qmonnqoe

209 2259 282 2318 inter
309 2258 382 2319 lilios
404 2257 486 2318 iacob
512 2257 617 2318 censeri
641 2260 750 2334 volunt,
778 2277 812 2320 66
839 2261 1007 2340 promissum
1030 2261 1114 2320 etiam
1135 2265 1309 2339 exspectant,
1380 2317 1381 2346 ,

208 2343 286 2399 oerto
305 2339 392 2398 sciant
410 2336 486 2398 6666
504 2356 574 2412 esse,
592 2357 650 2399 oon
669 2339 767 2414 alium,
800 2335 910 2399 Domus
928 2341 1042 2400 nomine
1061 2341 1157 2414 utitur,
1175 2339 1240 2418 quia
1258 2359 1308 2402 no·
1380 2357 1381 2398 1

207 2437 274 2480 men
297 2416 366 2476 illud
389 2423 419 2476 ot
440 2415 573 2476 familiam
592 2415 671 2477 Deus
695 2436 712 2477 6
734 2415 846 2499 reliquis
872 2417 1000 2478 omnibns
1018 2419 1132 2500 populis
1150 2435 1309 2500 segregave-
1380 2423 1381 2446 ¹

202 2503 260 2556 'rat
298 2493 337 2554 Et
354 2495 422 2556 dicit
440 2495 579 2578 ἀσφαλῶς,
597 2497 642 2555 vel
660 2493 774 2571 Secura,
793 2517 852 2558 non
870 2497 954 2556 modo
974 2503 1124 2558 uteorum
1141 2503 1248 2558 mantes
1267 2517 1310 2556 so·
1380 2533 1381 2564 ,

207 2575 264 2636 lida
282 2573 382 2636 liduoia
401 2576 479 2636 sismt
496 2577 525 2636 in
546 2574 667 2651 Christo,
685 2577 735 2636 sed
753 2583 786 2636 nt
804 2597 900 2638 omnes
919 2575 1069 2636 haesitandi
1087 2587 1168 2637 ansas
1185 2577 1311 2658 procidat
1380 2575 1381 2648 l

206 2811 306 2906 maiori
330 2811 635 2948 oopploientioelpolom
654 2753 782 2910 doedpdd
800 2753 1119 2911 limodiam-dsuplllrencrdl·
1135 2741 1307 2910 1(6616166666

206 2895 338 3028 tttt
356 2895 531 3029 roffi,
549 2909 661 3039 tttr,
676 2889 816 3054 ltttt
839 2890 1307 3035 ilidiiiaifdlffldf

207 3041 280 3106 Nam
304 3047 363 3107 eins
385 3047 484 3108 caedes
512 3069 569 3110 666
593 3049 761 3111 crudelitatis
781 3053 866 3113 modo
884 3059 914 3114 et
931 3053 1041 3113 sceleris
1059 3053 1139 3134 plena
1156 3057 1227 3125 erat,
1254 3051 1307 3109 sod

205 3128 292 3187 etiam
310 3127 438 3186 inmranis
457 3127 589 3188 adversus
607 3127 701 3188 Deum
719 3129 864 3212 perfidiae,
894 3133 1028 3214 murilegi
1050 3139 1077 3191 et
1095 3129 1307 3214 ingratitudinis,

206 3205 326 3288 deniqne
345 3207 498 3286 apostasiae
515 3209 712 3269 testimonium.
751 3209 858 3272 Verum
880 3213 920 3272 ita
943 3211 1083 3272 volnerari
1108 3204 1244 3292 oportuit,
1272 3228 1310 3268 66

121 3286 123 3300 “
205 3286 242 3344 ad
261 3285 446 3366 quaerendam
464 3287 628 3348 medicinam
646 3289 719 3349 tardi
736 3299 837 3352 essent.
880 3287 978 3373 Neque
1001 3299 1095 3352 tantm
1113 3289 1232 3372 propriis
1250 3307 1308 3348 ma-

205 3365 287 3425 nibus
305 3373 370 3426 enm
389 3365 591 3441 crucifixerant,
610 3367 660 3428 sed
678 3367 732 3429 lroo
750 3369 786 3430 ad
805 3377 913 3432 reatum
952 3371 995 3430 lus
1014 3372 1081 3432 satis
1100 3367 1308 3447 6616666666

205 3465 271 3505 com
289 3445 498 3526 postulaverant
516 3445 550 3506 ad
570 3453 698 3508 mortem.
727 3446 785 3509 Nos
805 3469 918 3547 qnotpre
931 3389 989 3508 666
1007 3470 1076 3510 voco
1090 3447 1308 3546 reiporagimor,

205 3525 230 3583 oi
248 3525 304 3584 iarn
322 3525 351 3584 in
371 3526 450 3586 coelo
469 3523 654 3606 glorificatum
673 3527 860 3610 crucifigimus
878 3549 908 3592 nr
925 3529 1021 3607 nobis,
1033 3535 1156 3590 ostentm
1172 3544 1241 3586 enm
1253 3523 1305 3585 lra-

204 3601 310 3680 bento,
329 3609 362 3664 ut
380 3605 419 3665 ait
436 3603 590 3687 Apostolos
609 3604 693 3672 Hebr.
712 3609 741 3684 6,
760 3611 787 3671 6
820 3649 826 3667 ,

139 3759 144 3766 '
279 3747 342 3839 dl.
374 3747 431 3818 llis
452 3773 528 3821 vero
549 3737 667 3835 aunffis',
689 3755 866 3846 compuncti
888 3766 961 3822 sunt
981 3753 1084 3838 corde,
1110 3763 1144 3822 et
1157 3751 1308 3846 ,mount

196 3855 307 3940 Petro,
327 3865 360 3923 et
380 3855 505 3947 reliquis
526 3855 699 3948 Apostolisa
732 3857 815 3946 Quid
836 3859 982 3930 iaciemus
1004 3859 1061 3927 viri
1083 3857 1212 3927 moes?
1252 3857 1306 3923 38.

202 3957 313 4028 Petrus
339 3959 417 4028 dixit
441 3961 513 4030 illis:
556 3949 781 4032 Paenitentiam
805 3963 898 4058 agite,
930 3977 962 4034 et
983 3965 1154 4056 baptizetur
1176 3963 1306 4052 quisque

201 4059 340 4129 vestrum
360 4062 392 4130 in
413 4066 539 4134 nomine
560 4065 777 4162 lesultlhristi,
805 4071 837 4139 in
864 4072 1079 4140 remissionem
1100 4077 1308 4160 peecatorum,

203 4175 236 4232 et
257 4167 409 4256 accipietis
428 4170 548 4238 donum
568 4169 701 4263 Spiritus
719 4176 832 4245 sancti.
875 4176 927 4244 39.
959 4175 1011 4244 Ad
1033 4195 1091 4243 vos
1112 4175 1197 4242 onim
1219 4163 1308 4264 pinti-

125 4279 128 4290 '
203 4277 259 4335 net
284 4269 462 4354 promissio,
480 4287 526 4342 ,et
550 4277 631 4348 filios
656 4289 791 4362 vestros,
822 4289 855 4348 et
880 4303 991 4370 omnes
1013 4279 1067 4372 qui
1087 4278 1199 4373 procul
1221 4284 1308 4345 sunt:

204 4389 407 4462 q¹¹⁰⁸0¹11¹t1¹10
429 4375 622 4452 advocaverit
641 4383 797 4454 Dominus
817 4384 906 4456 Deus
926 4397 1042 4458 noster.
