2810 4850
180 228 218 290 ,3
413 171 417 186 l
569 204 610 270 n
628 199 772 270 avane
789 199 921 274 roardo

180 335 282 403 tiehriis
300 328 443 405 mamati,
472 323 676 408 Prophetieum
693 339 797 384 munos
816 317 1012 382 exercuerunt.
1051 313 1085 376 Sl
1103 333 1162 398 qna
1181 334 1228 376 res
1246 335 1307 378 ma·

182 420 253 484 xjmi
276 411 408 498 ponderis
432 412 545 490 agatur,
573 422 608 465 ac
631 403 688 463 duo
708 404 856 463 mittantur
875 397 974 480 legali,
1002 413 1127 476 qnorum
1145 395 1218 458 alter
1236 415 1307 458 mox

183 499 338 562 moturum
365 488 489 562 nuntiet,
518 485 569 566 qui
594 483 629 542 de
647 489 710 545 tota
728 481 900 547 retsmma
918 475 1005 537 lran‘
1024 481 1068 552 at,
1096 475 1144 536 hie
1163 477 1308 558 posterior

184 572 347 640 conficiendi
364 567 471 649 negotii
488 563 653 624 mandalum
670 561 782 635 habeat,
801 577 897 620 annon
915 557 994 640 prior
1025 555 1116 637 egatio
1134 573 1202 638 pars
1216 561 1246 615 et
1255 575 1309 637 ap-

184 633 1312 797 walahiltmittit-”attitiaetilttttiattldi

183 761 230 878 hic
249 751 346 872 sensbs
365 747 404 866 d:
421 743 705 864 eircmibnhslcd
723 805 915 879 contentaque
929 736 1146 857 audaciadure.
1168 791 1245 856 Nam
1257 773 1316 874 ope

205 895 309 955 ositum
327 885 499 957 monrbmm,
530 887 533 894 ’
564 881 602 940 od
619 898 692 941 mox
708 879 851 960 sequitur,
875 875 1035 958 expendere
1054 875 1197 935 converit.
1236 871 1313 969 Epo,

183 973 284 1053 mquit,
303 987 363 1030 non
382 983 447 1024 sum
546 961 623 1019 heta:
643 959 693 1020 sed
711 979 772 1018 vox
789 959 820 1019 in
839 957 949 1018 deserto
968 955 1102 1051 clamans.
1131 953 1231 1050 Quare
1241 951 1313 1013 lunc

183 1039 573 1208 resalutata
584 1033 1231 1195 esaaaaaaaaat'aa
1245 1053 1313 1174 aa

184 1211 310 1280 alternus
380 1199 446 1261 turn
471 1200 612 1274 minister,
640 1205 675 1257 nt
696 1139 737 1258 ha
753 1140 872 1278 icquar,
897 1201 927 1257 et
944 1197 1005 1257 eius
1024 1194 1152 1254 dootaina
1227 1191 1314 1252 dam

185 1291 326 1350 duntaxat
380 1280 473 1341 aiendi
491 1279 608 1344 dudm
625 1278 751 1358 magistri
769 1275 957 1358 praeparatio.
996 1273 1061 1335 Hoc
1078 1213 1313 1347 mcdodbduues,

185 1366 315 1450 quanvis
332 1359 484 1442 Prophetis
503 1357 635 1420 omnibus
654 1356 849 1431 mareherlticra·
863 1375 922 1414 non
940 1361 1036 1415 lamen
1054 1359 1099 1416 est
1116 1351 1270 1434 Propheta.

263 1447 311 1508 23.
338 1445 406 1502 Vox
417 1443 581 1502 clamantia.
604 1435 682 1515 Quia
695 1435 814 1503 docendi
828 1441 923 1516 partes
941 1433 995 1494 sibi
1012 1440 1119 1494 temere
1137 1431 1314 1515 sumpsisset,

185 1527 240 1587 nisi
258 1523 414 1584 ministerio
433 1519 592 1600 praeditus,
612 1515 746 1590 ostendit,
807 1529 907 1575 aenam
925 1515 963 1576 sit
981 1531 1032 1574 sua
1050 1513 1175 1590 iunctio,
1192 1529 1315 1592 mmque

185 1605 291 1665 lesaiae
309 1601 471 1662 testimonio
490 1595 656 1679 comprobat
675 1595 740 1674 (les.
800 1636 809 1668 ,
829 1593 880 1674 3.).
925 1591 1010 1654 Unde
1028 1595 1165 1674 sequitur,
1183 1611 1252 1652 enm
1268 1591 1314 1652 ni-

185 1685 228 1744 hil
246 1683 301 1744 nisi
320 1679 454 1740 divinitus
472 1679 580 1738 iussum
599 1694 690 1756 agere.
735 1673 838 1734 lesaias
861 1673 978 1755 quidem
995 1691 1057 1735 non
1075 1673 1111 1734 de
1128 1691 1187 1732 nno
1205 1670 1315 1732 Ioanne

185 1765 244 1824 illio
262 1761 399 1842 loquitur,
419 1758 468 1818 sed
476 1756 619 1817 Ecclesiae
637 1754 870 1814 instaurationem
886 1753 1065 1850 promittens,
1084 1751 1213 1813 turnum
1230 1769 1316 1832 prae-

186 1843 268 1918 dicit,
290 1849 324 1901 ut
349 1839 442 1899 adbuc
465 1837 616 1897 audiantur
633 1834 723 1893 laetae
741 1851 840 1908 voees,
865 1851 942 1892 mom
960 1831 1087 1891 iubentes
1105 1837 1231 1891 sternere
1250 1825 1314 1888 Do-

184 1924 273 1982 mine.
312 1919 436 1984 Tametsi
456 1924 551 1977 autem
559 1913 617 1974 Dei
636 1913 789 1975 adventum
807 1917 897 1988 notat,
917 1932 1007 1994 quum
1020 1909 1221 1988 aBabylonieo
1234 1907 1314 1970 exai-

186 2003 225 2062 lio
244 2000 384 2082 populum
403 1997 563 2069 reduceret,
588 2013 688 2054 verum
711 1998 807 2054 taram
826 1993 1063 2073 complementum
1081 1989 1135 2049 huit
1153 1987 1263 2048 Christi
1281 1988 1316 2048 in

187 2099 273 2141 carne
291 2079 489 2139 manifestatio.
539 2073 617 2154 Ergo
642 2075 672 2132 in
689 2071 886 2154 praeconibus,
915 2072 965 2152 qni
984 2069 1141 2130 Dominum
1159 2067 1315 2148 appropin-

186 2178 275 2240 quare
293 2161 474 2229 nuntiarunt,
497 2155 687 2234 principatum
705 2151 804 2213 habuit
822 2151 950 2211 loannes.
990 2149 1083 2210 Porro
1103 2153 1203 2231 argute
1221 2146 1315 2229 philo·

186 2238 301 2320 sophari
320 2239 351 2296 in
369 2233 456 2294 Vocis
475 2235 599 2304 nomino,
619 2231 698 2326 quod
716 2230 846 2291 nonnulli
864 2231 979 2295 faciunt.
999 2229 1134 2290 frivolum
1152 2234 1206 2288 est
1244 2225 1315 2288 Vox

186 2317 287 2376 dieitur
305 2316 434 2388 loannes,
488 2313 521 2372 “a
540 2314 672 2392 imposrta
691 2309 733 2368 illi
751 2311 788 2368 sit
806 2309 945 2370 clamandi
964 2309 1119 2388 provincia.
1150 2306 1314 2388 Allegoriea

185 2397 300 2475 «pridem
323 2395 425 2452 Iesaias
450 2333 593 2452 doiorum
617 2394 702 2450 vocat
724 2391 855 2449 miseram
873 2387 1015 2448 Ecclesiae
1039 2388 1211 2462 vastitatem,
1229 2403 1316 2466 qnae

184 2474 293 2554 populo
313 2473 436 2531 reditum
456 2467 738 2550 negamvidebatmz
759 2469 818 2529 acsi
837 2469 949 2542 diceret,
967 2467 1118 2544 transitum
1139 2467 1254 2546 quidem
1263 2464 1316 2526 ch·

185 2559 324 2611 structum
350 2569 411 2609 esse
438 2552 552 2628 captivo
571 2547 693 2628 populo,
723 2549 773 2608 sed
792 2547 948 2608 Dondnum
968 2548 1044 2606 viam
1063 2553 1246 2627 reperturum
1262 2563 1317 2626 per

98 2655 107 2670 e
184 2632 273 2690 invia.
323 2628 382 2688 Sed
408 2628 549 2687 desertura
573 2627 645 2686 illud
668 2625 790 2702 visibile,
819 2629 851 2688 in
870 2647 928 2708 qno
947 2625 1066 2686 loannes
1085 2625 1317 2697 concionabatur,
1348 2663 1352 2672 «

185 2709 348 2788 symbolum
367 2707 415 2767 vel
434 2709 527 2789 imago
547 2713 608 2765 erat
626 2713 724 2765 vastae
743 2708 917 2782 solitudinis,
942 2725 1017 2787 quae
1040 2725 1122 2786 spem
1140 2703 1316 2764 liberationis

184 2789 309 2847 tollebat.
349 2786 382 2846 Si
400 2786 476 2846 hauc
499 2786 709 2846 similitudinem
728 2793 855 2869 reputes,
880 2785 1090 2846 iaeilevidehis
1108 2783 1317 2866 contorqueri

184 2865 346 2946 Prophetae
365 2866 462 2926 verba.
506 2863 581 2925 Nam
606 2867 645 2924 ita
663 2864 745 2926 Deus
765 2869 860 2928 omnia
878 2867 1054 2947 composuit,
1076 2871 1111 2924 ut
1149 2865 1237 2946 opulo
1255 2863 1316 2924 suis

183 2947 303 3005 miseriis
322 2947 442 3005 attonito
462 2951 528 3006 ante
547 2945 645 3004 oculos
664 2953 785 3026 poneret
803 2946 888 3007 huius
907 2945 1064 3006 vaticiniis
1147 2965 1205 3004 um.

272 3049 326 3118 24.
370 3045 470 3114 Porro
496 3047 551 3138 qni
577 3048 700 3116 inerant
726 3049 833 3133 missi,
860 3059 948 3116 erant
969 3071 1012 3116 ex
1032 3045 1215 3136 pharisaeis.
1259 3045 1315 3112 25.

183 3155 293 3244 ltaque
316 3153 587 3245 interrogaverunt
608 3177 692 3236 enm,
720 3164 754 3222 et
774 3153 922 3222 meunt
941 3151 995 3237 illi,
1015 3153 1101 3240 Quid
1122 3175 1196 3244 ergo
1218 3149 1317 3242 bapti-

184 3281 246 3343 zas,
268 3258 295 3326 si
316 3269 353 3326 tu
374 3281 440 3325 non
464 3281 498 3325 es
515 3256 671 3354 Christus,
690 3283 794 3352 neque
816 3257 911 3344 Elias,
933 3283 1038 3351 neque
1053 3257 1232 3354 Propheta?
1260 3255 1316 3324 26.

183 3363 359 3456 Respondit
379 3363 439 3431 illis
461 3361 609 3448 loannes,
631 3363 752 3448 dicens,
774 3363 844 3458 Ego
867 3364 991 3456 baptizo
1013 3365 1047 3432 in
1067 3390 1164 3457 aqua:
1191 3363 1317 3432 medius

183 3481 291 3542 antem
316 3469 579 3552 interveniat,
607 3493 704 3562 quem
723 3493 784 3538 vos
804 3471 942 3542 nescitis.
986 3471 1039 3538 27.
1072 3469 1143 3560 lpse
1166 3479 1229 3552 est,
1257 3469 1316 3558 qui

182 3587 257 3667 post
283 3599 335 3644 me
364 3575 495 3646 veniens
522 3577 599 3644 mihi
621 3576 777 3668 praelatus
799 3587 862 3646 est:
895 3577 985 3647 cadus
1005 3598 1065 3669 ego
1086 3563 1154 3644 non
1176 3598 1250 3642 snm
1273 3573 1317 3641 di·

115 3699 118 3709 ‘
183 3703 264 3772 graus
290 3683 414 3752 solvere
440 3683 603 3774 corrigiam
629 3683 856 3752 calceamenti(
884 3687 937 3756 28.
970 3681 1056 3752 llaec
1081 3682 1114 3750 in
1135 3680 1315 3752 Bethabara

185 3786 262 3852 iacta
285 3799 360 3856 sunt
380 3799 466 3857 tram
488 3788 663 3873 Iordanem,
684 3789 740 3856 uhi
761 3800 828 3856 erat
848 3789 982 3860 loannes
1003 3788 1173 3882 baptizans.

260 3902 308 3962 24.
349 3907 445 3966 Erunt
469 3929 507 3967 ex
531 3908 713 3968 Pharisaeie.
752 3905 832 3967 Dicit
856 3907 941 3968 luisse
961 3903 1144 3979 Pharisaeos,
1168 3907 1217 3986 qrri
1241 3911 1315 3966 tunc

182 3981 333 4062 primatum
353 3984 484 4045 tenebant
502 3987 533 4045 in
552 3983 689 4060 Ecclesia,
708 3993 742 4045 ut
761 3987 882 4048 sciamus
901 4007 960 4048 non
979 3988 1065 4046 iuuisse
1085 3984 1313 4065 contemptibiles

88 4113 92 4122 .
182 4061 292 4139 aliqaaos
311 4081 348 4121 ex
368 4083 451 4144 grege
466 4063 638 4138 levitamm,
658 4065 708 4126 sed
727 4065 855 4126 homines
870 4066 1039 4126 anctoritate
1054 4066 1206 4146 praeditos.
1236 4063 1313 4124 Hinc

181 4139 215 4200 fit
233 4141 320 4201 uide
340 4141 481 4224 baptismo
501 4145 695 4224 qaaestionem
713 4151 857 4206 moveant
908 4143 1046 4226 Volgares
1071 4145 1195 4206 ministri
1220 4143 1313 4224 qrmli·

199 4239 292 4357 unopue
312 4241 450 4302 responso
469 4223 741 4320 eontentiioissent,
759 4225 808 4284 isti
827 4230 932 4298 autem,
952 4227 1020 4306 quia
1039 4221 1141 4284 eheere
1161 4229 1312 4318 nequeunt

201 4319 219 4356 u
276 4308 426 4382 cuperent,
452 4307 618 4366 tementalrs
636 4304 801 4366 usmetum
820 4303 968 4382 loannem,
994 4303 1072 4386 quod
1091 4323 1201 4364 novum
1220 4308 1311 4362 ratum

181 4239 197 4278 e

179 4319 311 4440 ihdneere
329 4382 440 4444 audeat
