2792 4856
557 245 685 312 CAPUF
711 246 733 306 1.

79 367 263 435 expellebant
284 363 401 452 spoliati
423 369 497 428 sunt.
547 362 662 426 Ghristo
681 367 777 423 autem
796 357 867 422 nihfl
886 357 976 422 obiuit
992 379 1092 424 eorum
1110 361 1209 444 impie·

80 461 148 513 tans:
165 453 231 532 quia'
249 456 280 512 et
297 447 367 510 aiibi
386 448 475 508 erexit
492 447 573 528 regni
592 445 638 505 sui
650 443 755 517 sedem
775 448 804 502 et
817 441 978 523 promiscue
992 443 1027 502 ad
1039 463 1120 526 spem
1134 442 1209 504 aeln-

82 535 124 592 tis
147 531 261 592 voravit
284 545 387 592 omnes
411 525 532 610 populos
551 525 601 606 qui
641 525 699 584 rius
718 521 889 588 videbantur
907 539 926 580 a
944 518 1009 581 Deo
1023 525 1119 586 reiecti
1137 542 1209 586 esee.

81 613 177 674 Dedit
196 620 238 672 ets
251 615 434 693 potestatem
483 603 596 668 Nomen
619 602 752 676 εξουσίαφ
772 601 842 662 mihi
871 601 1036 682 ὤςιιὶῑιιὶειιι
1061 602 1116 666 hoe
1144 605 1210 666 loeo

80 691 238 774 signifieat:
270 695 302 752 et
319 693 471 769 praestaret
489 687 529 747 ita
546 691 659 748 vertere
678 683 714 743 ad
732 680 919 742 refellendum
937 679 1115 762 Papistarnm
1133 703 1210 745 eom·

5 797 6 838 ι
80 779 225 833 meumm.
276 767 363 829 Hune
383 769 456 828 enim
479 767 577 829 loeum
594 763 717 848 pessime
736 767 935 842 oonnmpunt,
965 761 1033 840 qnia
1057 763 1212 843 intelligunt

81 853 239 947 optionem
267 855 380 945 tantum·
401 848 482 908 nobis
505 846 581 986 ppn,
609 845 635 906 si
658 843 774 925 quidem
798 839 933 940 beneficio
953 839 1011 902 hoe
1031 841 1073 900 uti
1092 841 1214 982 &mi

79 930 276 1070 itlaaairldieiidd1¹
279 928 487 1090 par‘rrditdssdpleeiex
499 931 1060 1088 alidudimddldiidiuffiodlgiiddnex'atdu
1061 939 1123 1060 don
1144 943 1218 1062 dida&

83 1089 242 1150 Christum
259 1088 349 1148 iaoere
362 1087 418 1148 Dei
436 1088 522 1162 filios,
541 1087 591 1148 sed
610 1087 677 1146 dare
695 1091 865 1166 potestatem
885 1087 918 1142 ut
956 1087 1012 1140 ant
1051 1079 1129 1140 Hine
1148 1099 1218 1161 ergo

84 1169 230 1264 opliigrmt
251 1167 332 1228 nobis
343 1168 474 1308 egratiam
500 1167 574 1228 hane
597 1167 691 1227 solum
711 1163 823 1238 offerri,
845 1163 876 1222 in
901 1161 1016 1258 arbitrio
1034 1167 1134 1258 nostro
1154 1177 1219 1222 essa

82 1269 152 1309 erus
170 1248 305 1309 iruendao
323 1270 343 1308 ι
388 1247 564 1328 respuendae
582 1245 760 1308 iaeultatmz
781 1243 831 1303 sed
849 1241 906 1302 hoe
923 1241 1058 1302 frivolum
1071 1259 1218 1301 nurnero·

5 1375 6 1408 ι
82 1330 131 1390 eis
150 1329 302 1408 aucupium
320 1333 473 1388 contextus
491 1327 601 1387 evertit.
631 1345 699 1386 nam
719 1325 853 1384 continno
873 1327 940 1404 post
958 1321 1070 1382 subiicit
1088 1319 1218 1401 Evange-

83 1407 163 1484 iiste,
183 1407 243 1468 fieri
257 1405 315 1469 Dei
333 1409 408 1468 filios
428 1427 487 1468 non
505 1409 623 1489 propria
639 1407 732 1466 eamn
751 1403 907 1478 voluntate,
927 1399 977 1462 sed
1037 1421 1088 1462 um
1106 1399 1218 1462 exDeo

82 1495 251 1548 naseuntur.
301 1485 439 1566 Quodsi
457 1487 529 1548 iides
547 1506 600 1546 nos
618 1491 767 1566 regenerat
786 1489 818 1544 ut
836 1483 925 1542 simus
944 1481 996 1542 filii
1045 1483 1086 1556 ei,
1108 1488 1138 1542 et
1155 1499 1219 1540 earn

83 1567 207 1628 coelitus
220 1565 445 1648 inspiratDeust
464 1573 563 1650 aperie
576 1571 687 1626 wnetat
700 1585 759 1626 non
768 1561 964 1662 potentialiter
982 1567 1094 1622 tantum
1110 1559 1220 1621 aOhri·

82 1653 136 1706 sto
153 1646 234 1708 nobis
255 1647 352 1708 offerri
371 1647 531 1729 adoptionis
551 1647 678 1728 gratiam,
697 1645 748 1706 sed
767 1649 920 1724 agasonem,
938 1648 972 1702 nt
985 1641 1152 1724 loquuntur.
1182 1638 1222 1700 Et

86 1726 284 1786 saneGraeeis
303 1726 422 1797 ιἐουσὶα
439 1726 498 1789 ἀντὶ
516 1725 645 1798 desiero,
663 1725 808 1786 interdum
827 1722 952 1805 eapitur:
971 1723 1021 1802 qui
1041 1741 1140 1780 aensm
1153 1719 1222 1780 huie

5 1837 7 1882 ι
82 1805 154 1864 loeo
176 1807 287 1946 optime
310 1805 440 1886 quadem.
489 1803 664 1902 Periphrasis
688 1812 785 1865 antem
803 1823 862 1884 qna
880 1821 951 1862 neus
970 1809 1014 1862 est
1031 1800 1222 1882 Evangeliatas

80 1884 192 1964 pluaa
226 1884 482 1946 commendandam
495 1891 600 1966 gratim
615 1883 906 1956 exoellentiamualet,
948 1901 1014 1942 uam
1028 1883 1122 1941 siano
1132 1881 1223 1940 verbo

81 1965 223 2038 dixisset,
252 1983 351 2024 omnes
375 1963 480 2043 quiin
503 1964 650 2025 Christum
673 1965 807 2038 credimi,
833 1963 937 2022 deria
979 1963 1044 2021 iso
1062 1959 1120 2020 Dei
1140 1959 1222 2020 filios.

77 2041 168 2102 Nam
187 2043 224 2100 de
241 2041 396 2102 monadis
416 2048 446 2099 et
462 2043 589 2120 proianis
605 2043 655 2102 hio
671 2043 814 2122 loquitur,
843 2043 894 2122 qui
985 2047 1051 2102 etua
1069 2039 1224 2122 ignominia

5 2151 7 2160 ·
78 2120 233 2192 damnati,
251 2119 283 2178 in
300 2120 402 2178 mortio
415 2118 538 2177 tenebris
551 2119 689 2178 meabant.
727 2119 762 2178 in
780 2121 957 2200 eoitaquea
1006 2119 1104 2179 'abile
1119 2121 1225 2199 gratias

80 2193 479 2336 suaefflnexhibtffi
493 2195 733 2334 Chtismgtquod
747 2196 823 2332 lim
835 2196 893 2334 hpe
904 2196 1014 2332 ippinpre
1028 2199 1162 2334 dignaptudsi
1174 2203 1226 2270 eet,

82 2285 194 2418 fficio
213 2295 327 2414 eisne
344 2293 854 2434 nffliipiffmiaiini‘it
873 2291 985 2412 iiiii
1000 2293 1229 2434 sii'ssiisdi

87 2458 118 2496 v.
131 2437 161 2497 4.
192 2431 282 2512 Quod
300 2434 326 2492 si
344 2434 392 2494 eui
410 2435 499 2514 magia
519 2431 631 2514 plaoeat
649 2433 811 2492 eommunis
829 2433 955 2492 nominis
973 2432 1150 2516 significatio,
1168 2453 1229 2494 non

6 2545 7 2552 ι
87 2523 189 2579 temen
246 2508 335 2574 testas¹
352 2511 401 2572 hie
420 2511 455 2570 ab
473 2511 655 2592 Evangeiieta
674 2513 808 2573 statuitur
825 2511 919 2572 media
938 2511 1079 2592 quaedam
1098 2511 1227 2590 nemas,

89 2611 170 2735 Εἰ
187 2613 207 2688 p
217 2613 305 2652 enum
324 2599 354 2688 et
372 2590 496 2686 solidum
514 2591 649 2688 effeetpm
667 2591 763 2688 tollata
793 2591 842 2652 sed
861 2593 958 2688 potius
977 2593 1067 2690 intelli
1087 2594 1109 2654 't
1128 2594 1227 2690 datram

91 2761 150 2814 e.
164 2671 354 2812 enne
371 2670 903 2812 nmero
916 2751 1227 2857 ,se
1298 2749 1315 2782 »

92 2851 134 2894 ex
151 2831 291 2913 lapidibus
310 2831 446 2892 excitavit
464 2828 530 2892 Deo
549 2829 632 2892 iiiios.
671 2829 724 2890 Est
741 2831 828 2912 igitur
845 2838 971 2912 potestas
990 2861 1125 2908 ικανοτης,
1145 2835 1227 2895 onius
1362 2883 1366 2894 .

92 2913 223 2972 meminit
239 2909 348 2971 Paulus
366 2911 403 2970 ad
421 2909 486 2969 Coi.
507 2913 535 2976 1.
554 2929 583 2970 v.
604 2914 654 2983 12,
677 2909 727 2970 nbi
745 2913 849 2993 gratias
867 2911 926 2992 agit
944 2910 1019 2988 Deo,
1039 2914 1090 2992 qni
1108 2913 1229 2973 idoneos

92 2989 215 3052 reddidit
238 3010 292 3050 nos
311 2991 347 3051 ad
367 2989 590 3072 participandam
608 2988 783 3050 Sanctorum
806 2997 921 3052 sortem.
972 2997 1033 3068 Qui
1051 2995 1175 3054 eredunt
1194 2999 1229 3052 o·

92 3093 207 3132 ιιοιιιιιι.
248 3069 355 3131 Christi
372 3069 525 3151 recipiendi
544 3069 663 3132 modurn
681 3068 919 3147 brentorum,
949 3090 1041 3151 φιιιιιι
1064 3072 1173 3132 seilicet
1196 3071 1229 3129 in

92 3170 161 3212 eum
180 3149 313 3210 ereditur.
352 3148 422 3209 Fide
440 3169 508 3230 ergo
527 3150 603 3210 insiti
621 3151 652 3210 in
662 3149 817 3225 Christum,
835 3153 880 3210 ins
899 3149 1061 3230 adoptionis
1079 3149 1228 3246 consequi·

93 3249 176 3302 mur,
198 3236 233 3290 nt
255 3230 343 3289 simus
362 3229 414 3289 filii
432 3229 499 3289 Dei.
548 3228 587 3290 Et
606 3237 683 3290 uerte
702 3250 792 3312 quum
810 3229 860 3290 ille
880 3231 981 3290 uniam
1000 3230 1037 3288 sit
1055 3227 1112 3290 Dei
1130 3227 1228 3306 Filnn,

95 3308 213 3369 minime
230 3309 265 3369 ad
284 3328 338 3370 nos
357 3310 480 3390 pertinet
497 3307 545 3370 hie
563 3309 672 3383 honor,
699 3311 754 3370 nisi
820 3317 920 3370 atenus
939 3309 1001 3370 eius
1020 3327 1120 3370 smnus
1139 3329 1229 3372 mem·

93 3387 158 3448 bra.
197 3385 306 3448 Rursus
325 3388 394 3448 hine
411 3385 483 3448 iliud
502 3395 695 3448 commentum
713 3387 760 3447 rei
804 3393 851 3446 tur
870 3389 906 3448 de
924 3391 1059 3470 potentia
1100 3388 1229 3450 Potesta-

93 3473 155 3527 tem
173 3465 247 3528 hane
265 3469 328 3536 dari
341 3466 524 3548 Evangelieta
563 3467 708 3526 renuntiat
725 3467 761 3526 iis
776 3467 826 3542 qui
839 3466 896 3525 iam
909 3468 1035 3529 eredunt.
1065 3467 1157 3548 Atqui
1170 3485 1233 3526 een·

93 3553 159 3606 turn
178 3555 231 3622 est,
249 3549 363 3630 reipsa
381 3549 439 3608 iam
459 3564 521 3606 esse
561 3546 587 3604 ei
605 3543 689 3604 filios.
727 3543 807 3602 Fidei
825 3561 893 3624 argo
912 3547 996 3604 nirnis
1012 3545 1159 3624 derogant,
1179 3543 1231 3624 qui

93 3633 207 3686 tantum
230 3627 288 3688 hoo
312 3625 455 3688 erodendo
474 3625 612 3706 consequi
632 3621 778 3684 hominem
796 3622 894 3684 dieunt
912 3629 946 3683 ut
965 3621 1041 3682 filios
1059 3621 1117 3683 Dei
1136 3623 1187 3686 fiat
1206 3624 1231 3684 si

93 3706 174 3766 velit
213 3704 290 3785 Quia
309 3707 465 3789 praesentis
483 3705 603 3766 effeetus
622 3703 701 3779 loeo,
726 3721 893 3784 suspensam
916 3703 1074 3786 potentiam
1092 3709 1229 3766 statuunt.

95 3783 229 3846 Crassior
247 3785 341 3847 adhue
358 3787 542 3868 repugnantia
562 3790 680 3866 apparet
699 3785 730 3845 in
748 3803 784 3845 eo
805 3783 884 3880 quod
902 3783 999 3844 statim
1011 3785 1147 3868 sequitur.
1176 3785 1230 3848 Di·

94 3867 136 3928 nt
155 3863 338 3948 Evmgrliste
355 3868 413 3926 iam
431 3886 469 3926 ex
487 3865 554 3926 Deo
572 3885 635 3928 esso
653 3872 751 3940 natos,
775 3884 826 3946 qur
844 3865 973 3926 credam
1016 3863 1081 3927 Non
1099 3887 1168 3949 ergo
1187 3869 1228 3928 fa-

95 3945 189 4006 cultas
206 3951 320 4008 tantm
338 3946 458 4028 eligendi
478 3945 607 4019 offenun
674 3965 724 4005 um
742 3945 800 4006 iam
819 3945 850 4005 id
868 3947 973 4042 ipsum,
992 3945 1028 4008 de
1046 3967 1106 4030 qno
1126 3950 1229 4032 agitne,

96 4023 252 4087 obtineant.
291 4023 353 4086 Etsi
379 4032 477 4088 autem
495 4023 630 4085 Hebraeis
677 4043 762 4088 omen
781 4032 959 4108 promittite
977 4045 1062 4110 saepe
1082 4028 1228 4112 aoeipitur.

95 4106 145 4166 hie
162 4111 261 4168 tamen
280 4107 380 4168 relatio
399 4113 444 4167 est
462 4105 498 4166 ad
511 4104 658 4186 Evangelii
678 4105 844 4166 doctrinam.
876 4107 960 4168 Tune
978 4109 1055 4173 enim
1069 4107 1185 4167 demum
1198 4107 1229 4166 in

95 4185 248 4246 Christum
266 4186 417 4260 eredimus,
435 4205 526 4265 qnam
544 4185 627 4247 nobis
667 4185 823 4246 raedioatua
841 4191 894 4247 est.
989 4206 1043 4248 nor
1061 4186 1098 4248 de
1118 4186 1228 4249 ordina·

95 4265 373 4406 riptpleppplqeqnos
391 4285 446 4361 nos
464 4205 665 4408 lipmppplqiad
682 4263 769 4404 iisdem
792 4266 946 4406 fiduciis
965 4267 1058 4406 ddqpp
1080 4265 1230 4405 diiigqrptlpr

95 4367 116 4406 n
462 4365 516 4405 sar
640 4365 868 4408 oonusam·sme
984 4366 1020 4407 oe
1056 4365 1158 4406 neom
1217 4379 1228 4392 ·

95 4427 194 4508 gentis
215 4423 303 4494 iidem
321 4365 570 4489 diffinierant
600 4421 849 4505 Quemadmodum
862 4426 941 4508 apud
952 4423 1083 4508 Papistas
1096 4423 1228 4486 modendi
