2716 4856
453 14 466 47 'r

341 255 344 266 ,
400 151 404 156 ’
472 143 714 239 eremum.
796 157 798 163 “
1101 133 1205 240 333'

61 301 110 357 sim
134 297 166 357 iu'
179 296 328 376 Seriphum·
346 289 779 363 hie·teiltuitur's1deielleetus‚·
797 291 876 369 «ruod
890 292 998 350 ornatas
1016 289 1159 353 enlrilaret

61 377 182 436 Sciamus
206 393 271 455 ergo
291 371 376 432 lldem
395 391 453 430 uon
472 373 598 444 inanem,
618 389 671 431 nee
690 377 828 430 mortuam
847 371 1071 446 imaginationem
1090 391 1160 442 usse,

61 457 107 515 sed
130 453 353 532 virum-grutae
371 449 429 510 Dei
453 464 580 525 sensum,
604 451 659 528 qui,
678 449 797 510 solidum
821 469 858 507 ex
883 449 1045 508 (tortitudine
1064 450 1160 508 salutis
1249 470 1256 522 ¹,

61 535 183 613 gaudium
200 533 298 592 affore
313 531 393 590 euius
412 537 540 608 expertes
559 543 621 588 esee
638 529 739 607 impios
758 535 945 608 aequumesl,
964 531 1014 608 qui
1028 527 1161 589 otlleuur

61 613 257 692 preelegerat
276 615 305 671 et
324 626 436 704 omnem
456 609 588 698 iustitiam
608 607 782 667 conturbant.
1103 633 1106 650 ι

141 777 193 842 35.
237 776 345 861 Quum
372 767 446 838 vero
477 773 542 838 dies
565 782 653 837 ortus
675 781 773 856 esset,
799 771 948 838 miserunt
969 733 1162 863 nugisuatus

61 879 258 970 apparitores,
291 879 440 957 dieentes,
473 875 603 942 Dimitte
625 875 777 961 homines!
792 875 872 942 illos.
925 875 976 942 36.
1003 875 1163 946 Nuntiavit

61 997 164 1052 nutem
193 994 298 1052 eustos
330 982 460 1050 eneceris
492 990 655 1050 sermones
688 982 748 1048 hos
772 975 887 1062 Paulo,
918 981 1073 1052 Miserunt
1103 1009 1165 1052 ma

61 1091 212 1178 gistratum
244 1098 280 1154 ut
307 1085 515 1154 dimittamini:
547 1109 632 1153 nune
652 1084 744 1176 igitur
765 1096 930 1164 exeuntes,
961 1086 1005 1154 ite
1025 1089 1057 1156 iu
1079 1113 1164 1183 paee.
1211 1095 1212 1106 ’

61 1195 98 1260 37
121 1191 234 1260 Paulos
256 1201 359 1262 autern
381 1191 459 1258 dixit
481 1191 540 1272 eis,
567 1189 684 1258 Caesus
707 1197 766 1257 nus
788 1189 908 1282 publice
930 1191 1043 1259 indicte
1065 1199 1166 1280 eausa,

61 1323 154 1389 quum
189 1299 286 1366 simus
317 1295 467 1378 Romani,
510 1285 707 1366 coniecerunt
744 1295 776 1362 in
809 1319 976 1366 carcerem:
1019 1309 1052 1364 ot
1082 1323 1167 1370 nune

61 1404 173 1472 neeulte
193 1400 422 1471 annunciant?
464 1399 537 1468 Non
559 1401 715 1492 prolectet
741 1401 796 1467 sed
822 1400 948 1468 veniant
968 1401 1027 1490 ipsi
1048 1427 1087 1470 ae
1106 1427 1167 1472 nos

61 1511 192 1591 educant.
242 1509 294 1574 38.
328 1505 557 1573 Nuntiaverunt
590 1513 694 1570 autem
726 1503 951 1596 magistratibus
977 1511 1166 1598 apparitores

61 1615 144 1682 rerba
176 1613 273 1696 haee,
305 1611 366 1702 .qu
403 1603 575 1678 tinnierunt
607 1609 728 1690 audito,
768 1611 855 1698 quud
886 1610 1019 1694 Romani
1051 1628 1165 1692 essent.

61 1721 101 1786 ll).
123 1719 165 1786 Et
186 1717 350 1786 uenientes
372 1715 525 1808 depredati
546 1723 625 1779 suut
641 1738 712 1780 eos:
739 1723 771 1779 et
793 1712 922 1781 eduetm
943 1717 1105 1812 rogabunt,
1131 1731 1167 1787 ut

61 1825 271 1916 egrederentur
303 1847 343 1890 ex
370 1821 455 1888 urbe.
477 1816 554 1886 x⁴l0.
576 1816 701 1909 Egressi
723 1827 826 1916 autem
849 1841 867 1885 e
888 1841 1021 1903 carcere,
1048 1823 1169 1890 intruie

61 1941 122 1998 unt
144 1930 185 1998 ad
209 1926 355 2018 Lydiam:
377 1937 408 1996 et
429 1925 503 1996 risis
525 1922 667 1991 fratribus
689 1921 841 1990 conselati
863 1933 937 1992 sunt
958 1947 1025 2007 eos,
1047 1937 1079 1994 et
1099 1952 1168 2018 pro·

61 2037 120 2104 'euti
142 2043 250 2101 sunt·
477 2064 479 2072 r
1048 2065 1053 2072 ·
1087 2059 1090 2066 ’
1147 2081 1152 2114 2

128 2181 180 2244 35.
202 2179 301 2245 Quum
320 2177 379 2236 dtus
399 2185 481 2235 ortua
500 2185 581 2236 erret.
606 2172 759 2250 Quaeritur
778 2171 852 2232 unde
871 2178 930 2230 tem
949 2171 1041 2232 subita
1060 2176 1168 2236 consilii

61 2261 174 2318 nutatio
193 2257 223 2314 iu
242 2241 400 2320 iudicibus?
411 2254 501 2333 pridie
520 2255 656 2312 iusserant
674 2250 795 2319 Paulum
814 2257 843 2310 et
861 2249 950 2310 Silam
971 2253 1072 2314 virreiri
1088 2273 1166 2320 ‚eom-

61 2337 189 2408 redibue‚
208 2334 288 2412 quad
307 2339 416 2392 atroces
435 2331 470 2390 de
489 2331 544 2392 illis
564 2349 668 2411 poenas
687 2331 842 2408 sumpturi,
865 2347 940 2390 nune
958 2329 1072 2410 impune
1091 2332 1168 2396 ubire

61 2416 233 2477 remittunt·
278 2408 386 2470 Saltem
410 2411 435 2469 si
458 2417 508 2470 ene
532 2412 699 2480 audiissent,
726 2415 837 2486 poterat
856 2399 905 2469 ella
924 2427 1026 2469 causae
1044 2413 1168 2491 cognitio

61 2497 84 2556 d
105 2487 352 2556 mansuetudinem
371 2495 400 2548 et
419 2507 515 2564 senum
534 2497 657 2549 mentem
675 2488 817 2560 redueeuo,
838 2493 953 2565 apparet
968 2495 1063 2548 autem
1078 2511 1167 2569 quum

61 2595 95 2634 es
123 2568 219 2630 udlrue
242 2567 271 2626 iu
294 2567 393 2626 eodem
411 2573 485 2626 esset
504 2576 595 2636 statu.
624 2587 638 2624 s
659 2567 777 2624 entend
798 2566 996 2646 poenitentiam
1016 2568 1100 2628 lmese
1119 2572 1167 2630 od-

61 2655 166 2712 luctos.
205 2643 386 2726 Respondete,
415 2647 462 2706 lrle
486 2645 554 2706 nihil
573 2589 787 2730 adadremon,
818 2663 903 2724 quem
922 2644 999 2724 quod
1018 2646 1077 2706 lere
1096 2651 1166 2709 aeei-

61 2733 119 2790 lere
145 2726 233 2798 uolet,
262 2724 310 2789 uhi
335 2727 425 2787 semel
447 2733 525 2786 motu
549 2734 593 2788 est
616 2725 728 2787 seditio:
767 2743 824 2787 nen
850 2725 923 2794 euim
948 2724 1038 2804 plebis
1057 2733 1166 2794 tautum

61 2808 139 2870 nimi
159 2804 373 2877 ebullluutaed
391 2811 512 2866 rectores
553 2825 647 2882 noque
665 2803 943 2883 abripittempeelas.
983 2803 1119 2874 Perverse
1137 2809 1167 2870 id
1188 2863 1191 2871 ,

61 2887 183 2970 aridum:
212 2891 313 2944 notum
331 2891 376 2944 est
392 2885 466 2944 euim
484 2825 690 2962 illudllirgilii.
784 2928 788 2945 .
1002 2920 1007 2932 ι
1095 2932 1098 2942 ,

161 2995 206 3076 de
225 3015 312 3074 veluti
331 3033 433 3092 magno
452 3015 482 3072 in
501 3013 608 3094 populo
648 3033 716 3072 uum
735 3027 817 3092 saepe
836 3020 933 3072 eootru
953 3023 995 3075 est
1091 3001 1095 3020 ⁵

154 3093 277 3168 Seditio,
296 3093 438 3170 saevitque
458 3093 556 3172 animis
575 3093 641 3171 iguo
662 3091 696 3149 ile
716 3089 826 3168 vulgos,

156 3173 273 3252 lamque
293 3171 368 3230 laces
387 3177 416 3228 et
428 3173 503 3238 ,saxa
521 3168 636 3244 vulunt‚
651 3169 730 3230 furor
749 3180 825 3225 arma
844 3169 993 3244 ministrat,

133 3249 136 3254 ’
157 3249 232 3324 Tum
250 3249 353 3330 pietate
371 3265 486 3330 gravem
505 3265 539 3308 ae
557 3247 662 3329 meritis
681 3248 705 3306 si
724 3245 797 3304 ferte
815 3247 909 3304 virum
928 3267 1012 3327 quem
1093 3250 1096 3264 '

156 3327 350 3409 Conspexere,
370 3325 453 3388 silent
472 3324 641 3408 ementisque
660 3323 773 3393 auribus
792 3328 895 3384 astant:

90 3459 93 3470 .
155 3409 206 3470 llle
224 3409 295 3488 regit
314 3407 393 3468 dictis
412 3407 533 3484 animes,
553 3413 581 3466 et
598 3412 714 3488 peetora
731 3401 845 3464 mulnet.

133 3522 213 3602 Ergo
241 3521 311 3582 nihil
340 3522 432 3583 miuus
461 3521 554 3594 deuel,
581 3531 666 3599 quum
691 3519 816 3580 fervente
839 3517 962 3586 tumultu
984 3519 1089 3585 iudices
1112 3542 1169 3586 una

61 3624 120 3667 :um
150 3600 258 3682 pupillo
281 3600 496 3664 excandeeeeree
518 3599 567 3660 red
585 3602 624 3661 ita
643 3600 705 3662 lieri
722 3597 803 3670 uolet,
840 3595 916 3678 Ergo
936 3614 1024 3678 quum
1042 3602 1170 3664 riderent

61 3685 148 3746 »lehis
172 3687 281 3740 motum
304 3679 466 3743 decuriones
489 3677 546 3752 illi,
567 3681 633 3739 satu
655 3682 790 3758 putarunt
812 3694 873 3736 esse
897 3696 1073 3744 causaretur
1090 3681 1170 3762 Apu

61 3763 147 3824 tulos
168 3761 196 3839 γ’
230 3759 432 3820 nerdense:
455 3777 532 3822 nune
550 3777 620 3818 vero
639 3777 673 3817 eo
733 3761 778 3816 tur
796 3774 860 3814 eum
878 3755 986 3835 pudere
1006 3759 1171 3820 edmero

61 3847 90 3903 ie
117 3845 189 3900 note
209 3838 334 3920 'evitetis
356 3857 425 3898 suae
437 3855 547 3919 ¹poenos
566 3837 640 3898 dere.
702 3841 762 3898 orte
780 3834 865 3896 etiam
883 3834 951 3894 dum
970 3839 1114 3918 inqrriuunt
1134 3840 1170 3900 de

61 3923 168 4000 urigine
192 3917 343 3990 tumultus,
372 3917 583 3997 deprehendunt
601 3917 779 3978 circulatores
799 3914 828 3974 in
849 3912 931 3993 eulpa
949 3935 1024 3985 esse„
1051 3919 1170 3998 proinde

61 4005 205 4078 emperia
224 3996 305 4060 l‘auli
324 4004 353 4056 et
371 3997 447 4060 Silae
465 3997 622 4056 innocentia
640 4015 704 4056 sero
721 4013 770 4056 eos
784 3992 949 4056 absolvente
960 4017 1025 4074 nuo
1036 3999 1169 4078 exemplo

61 4083 223 4142 nouentur‘
236 4077 396 4156 quleunque
420 4081 576 4155 puerunt,
594 4084 772 4164 quantopere·
784 4071 912 4142 manenda
936 4076 975 4134 sit·
990 4079 1073 4156 nimia
1093 4079 1168 4138 lesti-

61 4159 144 4217 tatio.
177 4155 310 4215 'Rursum
333 4155 474 4228 videmus,
499 4173 699 4242 quam-seeum
718 4155 775 4239 eilri
790 4150 889 4210 delieta
907 4156 1172 4237 oondouentffirnugi·

63 4243 180 4310 tratur,
205 4253 326 4314 quorum
345 4240 439 4294 tamen
458 4235 525 4292 satis
544 4234 594 4292 sihi
613 4235 715 4296 eouseii
734 4237 814 4305 sunl,
856 4237 997 4295 mesertirn
1018 4237 1063 4295 ubi
1082 4257 1166 4316 nego·

61 4321 129 4376 ium
154 4321 199 4374 eet
224 4331 289 4374 eum
312 4313 413 4393 ignotis
431 4319 461 4374 et
480 4311 604 4397 obscuris
622 4313 787 4376 homiuibus.
826 4250 906 4370 llum
923 4315 1040 4376 liborum
1059 4318 1166 4374 exitum
