2818 4848
140 210 223 276 sss
549 151 902 268 muvanasbanrt.

164 333 223 386 tem
241 339 323 384 snam
340 318 451 382 novata
468 319 618 380 bansitm
636 337 698 382 esse
717 319 754 381 ad
777 320 900 382 coelata
917 317 974 382 Dal
989 338 1124 402 ¹troganum.
1178 321 1293 402 Quodsi

163 405 231 466 illoc
249 418 403 484 properans
422 399 507 460 solito
525 417 621 462 amore
639 413 698 460 noa
717 400 825 460 destitit
842 418 911 460 suos
929 402 1074 481 prosequi,
1092 422 1154 464 uon
1174 411 1220 466 cst
1239 427 1294 466 cur
1401 401 1402 414 ¹

163 501 241 546 nunc
258 487 390 564 putemus
408 484 550 540 manum
568 499 630 540 esse
647 480 708 540 ains
726 481 867 540 adactum.
896 478 956 539 lam
974 499 1063 560 quum
1081 479 1295 565 primogenitus
1401 475 1402 492 ¹

164 565 201 624 sit
219 581 257 622 ex
274 559 410 632 mortuis,
494 559 501 574 ⁶
522 565 552 620 et
568 560 623 620 ista
641 561 740 620 mortis
759 557 885 620 delinitio
905 559 942 620 ad
960 565 1052 620 totum
1060 557 1206 624 Ecclesiae
1227 584 1292 626 cor·

161 662 228 727 pus,
246 639 325 720 quod
343 639 415 698 sita
453 637 549 700 Deum
568 641 748 711 transitumn
767 659 826 720 quo
845 659 921 700 nuuc
940 640 1151 721 peregrinantur
1168 642 1283 712 fideles.

241 724 269 781 2.
310 721 409 780 Goesso
424 720 520 796 sueto.
558 715 664 780 Totum
683 718 791 778 Christi
808 720 957 780 comitium
975 721 1006 779 in
1025 719 1151 782 lavandis
1169 743 1291 784 suorum

161 799 299 942 podibus,
314 805 344 858 et
362 797 487 858 fructum
506 798 590 860 lanios
607 798 741 860 historiae
759 798 848 858 insius
867 819 938 864 mox
956 799 1138 862 meabimus
1150 804 1290 868 suolooo.

190 898 247 943 uuo
266 896 416 958 seqasanrur
434 876 587 940 vorborum
605 884 781 941 contextum.
809 876 890 940 Dicit
902 878 1181 956 hocluisaefactum,
1199 903 1291 963 qnam
1311 885 1317 895 '

109 966 111 977 ’
161 963 219 1027 iam
238 957 269 1018 in
286 958 381 1018 animo
399 955 515 1018 haberet
532 955 618 1018 ludas
625 957 772 1018 Christum
789 957 919 1039 prodere,
938 977 997 1020 nou
1016 965 1129 1022 ausum
1146 968 1180 1020 ut
1198 970 1292 1024 estma-

163 1041 244 1100 deret
261 1037 362 1098 miram
372 1034 478 1098 Christi
494 1039 669 1132 patientiam,
689 1039 740 1119 qui
757 1044 817 1101 tam
835 1038 973 1098 scelerato
992 1043 1022 1100 et
1035 1037 1147 1119 parlido
1158 1039 1292 1102 ddectori

162 1119 249 1203 pedes
260 1118 363 1178 ‘lavare
382 1117 527 1176 sustinmt:
548 1117 598 1178 sed
616 1119 701 1178 etiam
719 1123 833 1198 tempus
851 1117 923 1178 illud
941 1117 1007 1180 data
1025 1136 1115 1199 opera
1128 1121 1291 1200 sumpsisse,

204 1219 222 1259 o
241 1197 320 1258 velut
338 1201 498 1256 extremum
516 1197 591 1258 vitae
605 1216 678 1257 ‘auae
697 1203 794 1263 actum
807 1199 893 1258 morti
906 1197 1016 1258 vicinus
1025 1206 1182 1278 perageret.
1203 1198 1292 1276 Quod
1402 1224 1403 1238 ¹

208 1275 410 1356 boliimpulau
430 1283 599 1356 conceptum
618 1275 723 1336 aloda
742 1275 910 1356 proditionis
930 1277 1080 1338 consilinm
1102 1277 1188 1336 luisse
1211 1279 1289 1353 dicit,
1402 1321 1403 1348 ,

161 1359 218 1420 lroo
237 1357 274 1418 ad
292 1374 329 1416 ex
349 1355 504 1418 rimandam
523 1355 636 1417 sceleris
655 1357 831 1418 atrocitatem
850 1355 936 1417 valet.
975 1355 1042 1416 Fuit
1060 1356 1135 1416 enim
1155 1343 1301 1418 bouibilas
1402 1355 1403 1388 l

120 1509 124 1527 ἱ
149 1437 241 1577 ,ἱέωᾴ
255 1441 285 1496 et
302 1375 367 1572 ἵζω
387 1451 473 1514 quam
491 1437 629 1516 tragicum
647 1435 770 1511 facinus,
789 1436 820 1494 in
839 1455 898 1532 quo
918 1455 949 1496 se
967 1435 1088 1517 protulit
1105 1434 1228 1496 Satanae
1246 1435 1288 1498 el·
1324 1464 1327 1472 ¹

183 1535 269 1576 mma.

161 1615 220 1656 non
238 1613 288 1654 eos
306 1593 403 1654 inritet
411 1591 509 1668 Satan,
528 1594 578 1654 sed
597 1601 631 1655 ut
649 1595 784 1674 quodque
803 1595 892 1676 magis
910 1599 1018 1656 tetrum
1036 1602 1067 1654 et
1085 1595 1292 1672 exsacrapdm

75 1728 78 1739 .
121 1701 123 1708 ¹
161 1681 205 1738 eal
224 1673 324 1748 scelus,
343 1673 383 1732 ila
402 1672 432 1732 in
451 1692 486 1735 eo
506 1675 595 1754 magis
614 1673 833 1736 considerandus
853 1681 897 1734 est
915 1673 1019 1735 diaboli
1038 1673 1290 1756 tuamquhomi·

160 1773 212 1816 nes
231 1773 248 1814 a
267 1749 332 1812 Deo
350 1752 464 1812 relictos
484 1769 596 1816 sursum
614 1771 649 1813 ac
667 1755 799 1814 deorsum
818 1755 901 1835 rapit.
941 1753 1108 1829 Caeterum,
1128 1756 1182 1815 etsi
1200 1755 1290 1816 homi-

160 1835 205 1895 nis
223 1833 451 1928 concupiscentia
459 1831 582 1893 Samnaa
600 1832 713 1894 debello
732 1833 901 1907 accenditur,
920 1835 983 1915 ipsa
1000 1841 1098 1895 tamen
1117 1833 1290 1895 loruaxassa

97 1927 101 1938 ¹
159 1933 220 1976 non
238 1914 348 1986 desinat,
367 1913 429 1993 ipsa
447 1913 542 1992 ignem
560 1913 637 1974 intus
655 1919 827 1994 conceptam
844 1913 938 1988 habat,
952 1915 1019 1995 ¹ipsa
1038 1913 1143 1976 dabelli
1161 1916 1289 1997 agitatio-
1361 1958 1366 1982 .

87 2003 90 2008 '
159 2011 226 2058 nam
245 1991 347 2074 cupide
366 1991 481 2074 recipit,
499 1999 533 2053 nt
551 1993 652 2074 impiis.
664 1991 774 2056 sublata
794 1993 832 2054 sit
851 1993 942 2054 omnis
961 1995 1116 2054 excusatio.

238 2075 267 2135 3.
287 2077 388 2133 &aas
407 2075 505 2148 lamas,
524 2075 603 2156 meod
621 2081 721 2134 omnio
740 2073 871 2136 dedisset.
899 2071 964 2134 Hoc
982 2075 1046 2134 idco
1066 2073 1193 2134 additum
1201 2072 1291 2134 muse

158 2153 344 2234 interpretor,
373 2158 407 2212 nt
430 2152 553 2212 sciamus
576 2153 652 2213 nude
677 2151 793 2214 Christo
821 2161 881 2213 tam
904 2155 1059 2234 composita
1087 2154 1173 2212 aninti
1196 2154 1288 2232 quies,

157 2251 261 2314 nmspe
280 2231 358 2312 quod
376 2232 433 2292 iam
451 2233 551 2328 mortis
570 2233 663 2292 victor
682 2233 809 2328 animum
827 2232 863 2308 ad
882 2233 1065 2328 triumphum,
1083 2233 1134 2312 qui
1152 2251 1222 2326 mox
1240 2249 1285 2292 se·

158 2308 664 2456 llillluiilllaffidlissidli
678 2311 1043 2472 mailletii?
1061 2311 1150 2466 {tlt
1163 2318 1288 2470 itit:

157 2473 241 2534 metsi
259 2489 276 2531 a
294 2469 365 2530 luda
383 2489 454 2530 mox
472 2469 625 2530 tradendos
643 2478 727 2545 esset,
747 2473 842 2530 omnia
860 2479 957 2532 tamen
976 2472 1017 2532 sci
1051 2478 1082 2531 at
1100 2489 1118 2530 a
1137 2467 1223 2530 Patre
1233 2470 1287 2532 sibi

335 1533 416 1574 erum
435 1513 612 1594 quidam'est
630 1514 701 1574 nihil
721 1514 757 1574 ab
776 1512 938 1578 homiuibus
957 1515 1025 1576 mali
1043 1518 1211 1596 perpetrari,
1230 1536 1289 1596 qno
1402 1581 1403 1600 ,

157 2571 220 2614 assa
238 2549 348 2610 tradita.
372 2546 407 2608 Si
426 2550 490 2628 quis
509 2556 599 2629 roget,
619 2550 763 2630 quomodo
783 2551 868 2630 igitur
886 2557 986 2631 postea
1004 2569 1131 2631 eousque
1149 2551 1289 2610 nlocaoris
1403 2579 1404 2588 κ

157 2625 289 2692 redactus
308 2627 394 2688 fuerit
413 2635 446 2686 nt
465 2631 629 2709 sangninem
648 2631 772 2704 sudaret,
791 2630 958 2711 respondeo,
978 2635 1074 2690 nbum
1142 2629 1288 2692 fuissene-

157 2709 308 2770 assarium
332 2713 365 2766 ut
387 2714 510 2767 mortem
533 2707 676 2785 horreret,
705 2729 739 2770 ac
757 2708 848 2769 nihilo
868 2711 960 2770 minus
979 2709 1083 2792 intrepi
1103 2729 1120 2770 c
1138 2715 1286 2791 peragat-ct

157 2807 257 2850 omnes
275 2785 438 2846 blcdiatoris
456 2795 560 2867 partes.
989 2791 991 2803 ⁴

109 2927 111 2932 ,
235 2867 263 2929 4.
293 2869 402 2928 Poscit
420 2877 517 2927 neure.
556 2865 739 2948 Superiorem
757 2875 870 2944 tantum
888 2875 997 2929 vastem
1017 2865 1053 2928 ab
1073 2887 1109 2928 eo
1129 2868 1287 2950 depositam

155 2947 242 3010 fuisse
260 2945 397 3027 intellige,
420 2967 480 3007 non
498 2949 633 3008 tunicam.
677 2947 790 3010 Scimus
809 2950 885 3008 enim
905 2946 1064 3008 orientales
1085 2948 1215 3030 oblongis
1238 2969 1286 3008 ve-

156 3026 245 3088 stibus
263 3026 350 3086 fnisse
368 3046 444 3086 usos.
484 3023 567 3106 Quae
586 3027 673 3110 paulo
691 3035 758 3110 post
776 3033 935 3108 sequnntur
954 3026 1054 3100 verba,
1073 3037 1168 3107 eoeptt
1187 3030 1286 3088 trum

152 3109 240 3190 pedes
267 3115 335 3180 eta,
364 3105 511 3168 consilium
535 3111 629 3189 potius
654 3105 773 3184 Christi,
803 3125 891 3190 maur
908 3113 1059 3168 externum
1078 3115 1175 3168 actum
1192 3107 1285 3189 expri-

155 3192 245 3248 munt
285 3183 359 3246 Nam
378 3186 490 3248 subicit
507 3185 689 3268 Evangelista
707 3208 774 3250 eum
793 3207 811 3248 a
830 3186 915 3248 Petro
934 3206 1070 3248 exorsum
1089 3206 1160 3248 esse.

234 3268 263 3329 6.
292 3267 428 3338 nomas,
447 3276 481 3330 ta
499 3270 572 3329 mida·
591 3269 673 3328 locos
689 3271 793 3349 podest
833 3267 934 3328 Oratio
954 3273 998 3328 est
1015 3266 1204 3327 abominantis
1222 3286 1287 3329 nam

154 3345 305 3406 absurdam
323 3351 353 3406 et
370 3346 522 3428 indignam.
563 3345 637 3410 Nam
654 3347 855 3428 interrogando
880 3346 1014 3427 quidnam
1031 3345 1124 3406 iaciat
1143 3345 1285 3420 Christus,

155 3427 236 3506 quasi
254 3445 371 3486 manum
397 3425 440 3486 illi
462 3428 558 3490 inlicit.
604 3425 763 3488 Laudabilis
789 3426 903 3507 quidem
927 3427 1091 3500 modestia,
1108 3427 1160 3486 nisi
1179 3427 1283 3504 quovis

154 3505 234 3566 stultu
252 3513 339 3587 atqua
357 3505 466 3572 honore
483 3508 581 3604 potior
599 3505 759 3568 obedientia
777 3513 851 3568 essct
866 3507 941 3587 apud
952 3505 1059 3579 Deam,
1076 3506 1133 3568 iano
1143 3505 1194 3564 nisi
1208 3504 1283 3586 base

154 3603 222 3646 vera
240 3593 271 3648 ct
288 3587 373 3646 unica
391 3586 557 3648 bumibtatis
576 3586 676 3660 regula
689 3593 771 3660 esset,
791 3585 928 3646 subiicere
936 3587 1029 3646 nos‘lu
1039 3584 1203 3664 obsequium
1212 3581 1286 3658 Dei,

152 3673 184 3726 et
202 3685 302 3727 sensns
321 3685 421 3726 omues
439 3673 553 3728 nostros
571 3665 675 3726 habore
693 3667 754 3726 eius
774 3663 890 3726 arbitrio
909 3665 1071 3739 devinctos,
1092 3671 1125 3724 nt
1144 3663 1285 3743 quioquid

152 3743 206 3804 sibi
225 3746 336 3826 placare
354 3747 518 3825 prdnuntiat
536 3743 619 3806 nobis
639 3764 756 3824 qnoque
774 3743 959 3886 absquutta
978 3742 1285 3824 controversiaprobe-

152 3830 209 3883 tur.
248 3824 389 3904 Imprimis
407 3843 475 3904 argo
495 3825 544 3884 lex
562 3825 616 3884 ista
635 3827 689 3886 rite
708 3825 819 3884 colendi
885 3825 892 3842 ⁶
913 3823 1035 3886 tenenda
1054 3829 1112 3898 est,
1136 3830 1171 3884 nt
1189 3817 1296 3905 parati*

152 3903 240 3961 simus
259 3903 366 3983 absque
385 3923 466 3962 mora
485 3903 672 3980 subscribere,
691 3904 863 3984 mmulalquc
881 3905 989 3984 aliquid
1007 3903 1132 3964 mandat.

230 3983 259 4042 7.
292 3983 379 4055 Quod
396 4003 453 4064 ago
461 3985 563 4064 sacto.
602 3981 654 4043 His
673 3982 767 4044 verbis
786 3983 921 4046 docemur
940 3985 993 4044 sim
1013 3983 1106 4043 liciter
1124 3981 1161 4042 ob
1234 4001 1283 4042 n·

151 4058 220 4118 dum
239 4079 301 4119 esse
321 4059 449 4136 Christo,
467 4063 577 4122 etiamsi
595 4083 654 4124 non
672 4069 807 4144 apparant
825 4065 907 4139 ratio,
927 4083 979 4124 cur
993 4003 1054 4124 boc
1073 4062 1120 4122 vel
1138 4063 1190 4122 illu
1219 4061 1285 4122 lieni

150 4138 228 4198 velit.
267 4137 300 4196 ln
319 4137 405 4198 domo
425 4139 496 4200 bens
515 4149 625 4202 morata
643 4143 792 4204 consilium
810 4149 855 4203 est
874 4163 960 4224 pcnes
980 4162 1070 4204 nuum
1089 4141 1284 4224 patremfami·

149 4217 217 4276 lias:
235 4216 277 4274 illi
296 4227 395 4276 servos
414 4217 494 4278 decet
511 4239 612 4284 manus
631 4239 666 4282 ac
684 4221 770 4302 pedes
788 4223 959 4303 impendere.
984 4221 1075 4282 Nimis
1094 4219 1283 4302 argolastuc·

66 4371 70 4378 μ
150 4313 199 4354 nus
218 4296 341 4388 eatnqui
361 4292 417 4354 Dei
434 4297 585 4376 imperinm
605 4300 750 4373 detrectat,
770 4302 852 4361 cadus
871 4303 945 4363 ratio
965 4305 991 4360 ei
1010 4307 1080 4360 nota
1104 4321 1164 4360 non
1183 4300 1283 4360 fuerit.

150 4371 229 4452 Quin
248 4379 333 4433 eoarn
353 4372 436 4436 latius
455 4381 534 4454 patet
552 4379 605 4438 ista
624 4379 787 4454 admonitio,
807 4401 844 4441 na
863 4382 969 4442 scilicet
988 4381 1098 4456 nescire
1113 4379 1201 4464 'nobis
1218 4399 1282 4440 mo·
