2754 4864
447 224 448 228 ¹
527 209 666 274 ‚coetu
683 209 742 276 Xd.
1126 227 1185 290 225

68 323 145 392 Nm
166 323 347 407 romilde.
360 328 475 404 praeiet·
498 323 653 392 deformem
682 326 840 402 vastitatem
861 327 932 390 nihil
957 339 1102 407 ιιιιιιιιιιι,
1129 334 1186 396 hoc

68 405 178 466 scilicet
198 402 279 464 nobis
306 398 409 478 restal,
437 409 470 462 ut
497 423 554 464 nos
582 403 729 467 humiliare
756 403 897 468 ιιίωιιιιιιι
923 405 976 468 snb
1001 412 1186 490 potenti.Dei

68 503 172 558 mmo,
199 501 234 544 ec
262 483 384 542 maurus
411 499 474 545 nou
499 488 608 546 tutin
637 485 751 564 ingratia
780 485 940 548 hominibus
964 487 1024 550 dari
1046 491 1182 576 licentiae,

67 569 103 624 ιιι
121 564 234 644 impune
252 559 319 625 Dco
336 560 701 644 illudentssset,1h·),1
740 597 746 608 ·
865 592 868 603 ¹

151 751 206 820 at.
249 750 287 820 ln
314 749 376 818 illis
402 751 512 846 *diebus
532 761 686 820 venerunt
707 754 745 820 ab
766 753 984 847 iherosolyma
1005 757 1179 852 Prophetae

63 857 273 928 Antiochiam.
294 855 346 924 28.
369 855 508 950 Surgens
529 853 635 931 antero
657 853 808 934 hausen
825 859 885 928 illis
904 853 1031 934 nontine
1045 851 1180 958 Agabus,

62 963 245 1056 significarit
263 963 481 1056 perspiribrm
500 964 616 1032 famem
637 987 781 1054 magnam
803 965 939 1033 futuram
959 969 993 1035 in
1011 981 1081 1038 toto
1093 969 1196 1053 orbe,

63 1093 149 1162 quae
167 1069 275 1138 eccidit
294 1069 356 1136 sub
378 1067 509 1136 (hauho
531 1067 671 1136 Caesare.
693 1069 746 1136 99.
767 1069 937 1138 Utautem
958 1073 1073 1166 cuique
1093 1075 1178 1143 disci.

61 1173 214 1266 pulorum
234 1173 417 1266 'suppetebat
437 1173 580 1258 facultas,
605 1169 808 1242 decreverunt
828 1175 941 1266 singuli
962 1175 1117 1266 ipsorum,
1141 1180 1176 1246 in

61 1279 269 1348 nutristerium
283 1280 404 1348 nrittere
416 1279 568 1364 fratribus,
584 1281 638 1370 qui
648 1280 681 1347 in
691 1279 803 1348 Iudaea
814 1279 998 1349 habitabant·
1019 1285 1072 1351 30.
1083 1284 1177 1369 Quod

62 1397 96 1454 et
113 1386 270 1560 ffiunt’
297 1384 454 1453 mittentes
481 1386 520 1452 ad
545 1384 762 1478 presbyteros,
788 1409 846 1477 per
865 1408 995 1455 manum
1016 1387 1175 1456 Barnabae

58 1501 94 1562 ct
139 1515 157 1558 a
191 1491 211 1560 ⁸.
515 1485 520 1502 '

140 1665 188 1728 27.
226 1661 324 1724 bidem
352 1663 596 1728 Mdocbenorum
623 1665 672 1726 hio
698 1661 790 1730 Lucas
819 1664 997 1728 commendat
1025 1682 1042 1726 a
1070 1667 1175 1738 tractu,

61 1740 144 1823 qnod
167 1743 228 1803 eius
251 1741 411 1816 Ecclesiae,
438 1744 513 1809 unde
536 1743 705 1824 Evauglium
728 1751 907 1824 acceperant,
935 1745 1058 1823 inopiam
1080 1745 1174 1804 lavare

61 1821 224 1884 studuerint
258 1841 307 1882 sue
342 1824 424 1904 copia
456 1824 541 1904 idque
576 1821 691 1884 fecerint
723 1841 783 1882 non
804 1824 911 1904 rogati.
958 1822 1029 1883 Tam
1056 1824 1174 1883 sollicita

57 1919 129 1962 cura
156 1922 210 1982 pro
238 1899 369 1962 iratribus
398 1904 465 1973 satis
494 1903 629 1976 ostendit,
658 1920 746 1982 quana
772 1901 845 1962 serio
877 1898 1020 1960 Christum
1048 1905 1185 1962 omniurn.

59 1987 148 2074 capnt
172 1981 307 2042 colerent.
351 1979 498 2042 Celebrem
526 1981 669 2042 Ecclesiae
692 1980 767 2043 illius
791 1981 896 2040 samam
919 1978 1005 2038 leriae
1029 1977 1120 2038 Lucas
1139 1981 1174 2038 si·

128 2066 187 2134 cat,
221 2081 309 2140 quum
336 2059 457 2142 insignes
486 2062 553 2120 illuc
573 2063 656 2130 ¹tricos
696 2060 762 2120 dicit
789 2061 1020 2152 Hierosoipmam
1056 2059 1174 2118 venisse.

78 2139 213 2207 'aeterum
239 2159 327 2219 qutun
351 2139 509 2221 Prophetae
533 2139 735 2208 neucesarie
754 2145 911 2206 summetur
929 2158 958 2204 ru
978 2136 1060 2206 Nono
1079 2135 1174 2199 'lesta-

57 2225 171 2293 mento,
193 2227 226 2278 ut
243 2239 282 2282 cx
300 2219 395 2298 priore
412 2221 448 2280 ad
469 2219 631 2280 Corinthios
650 2217 767 2298 epistola
788 2217 894 2276 discere
911 2217 991 2288 licet,
1009 2219 1174 2295 Prophetae

56 2303 198 2358 vocantur
225 2297 281 2358 hoc
308 2297 388 2373 loco,
417 2300 464 2377 qui
490 2297 663 2362 vaticinandi
682 2298 756 2356 dono
781 2295 901 2376 praediti
921 2299 1013 2356 erant:
1043 2296 1173 2374 quemad·

57 2377 178 2438 modum
209 2371 311 2452 eodem
343 2377 426 2438 titulo
455 2377 529 2438 filiae
559 2385 684 2457 quatuor¹
707 2373 829 2455 Philippi
857 2382 969 2456 postea.
984 2373 1172 2452 insignientur.

59 2455 161 2535 Quum
184 2475 253 2516 vero
276 2455 357 2516 lauris
376 2457 529 2536 praedictio
553 2457 602 2515 uni
620 2453 720 2535 Agaho
740 2455 883 2528 tribuitur,
907 2451 1122 2531 hinc—colligere
1142 2453 1173 2512 ti-

56 2543 115 2608 cet,
134 2535 283 2614 unicuique
302 2535 337 2596 ad
356 2543 461 2596 certam
478 2554 639 2596 mensuram
657 2535 713 2598 hoc
731 2534 818 2594 luisse
836 2533 941 2610 datum,
961 2539 993 2594 ut
1011 2551 1055 2593 res
1066 2531 1172 2595 laturas

57 2635 94 2676 oo
135 2621 265 2674 oscerct.
956 2629 958 2634 ·
1053 2649 1059 2661 ·
1178 2663 1183 2670 .

93 2635 187 2756 ιςιι28.
223 2695 410 2776 signficavit
427 2718 479 2773 per
497 2701 641 2776 Spin-itm
678 2691 792 2766 Diserte
810 2691 1064 2775 exprimithacas,
1084 2689 1186 2772 Spin·-¹

52 2780 120 2833 tum
130 2771 185 2868 Dei
203 2769 285 2834 huius
304 2775 425 2868 vaticinii
442 2775 528 2869 luisse
546 2783 700 2850 audonem,
718 2782 751 2869 ut
769 2775 889 2868 sciamus
908 2793 965 2838 nou
983 2793 1021 2835 ex
1034 2773 1114 2866 astris
1123 2792 1172 2832 oc·

53 2872 116 2992 tit
134 2851 1172 3014 fflthtltntttstttttht,“tttt‘tiittt

54 3019 105 3072 tus
123 3013 222 3074 afflatu
241 3011 392 3092 protulisse
411 3011 488 3091 quod
509 3009 587 3080 Deus
607 3019 749 3074 statuerat.
778 3010 1009 3090 Potestquidenr
1026 3030 1066 3070 ex
1082 3017 1172 3068 asho-
1303 3037 1309 3043 -

53 3111 121 3152 rum
140 3093 234 3172 positu
254 3089 392 3153 interilum
411 3093 540 3152 sterilitas
559 3088 692 3171 praedici,
711 3090 761 3155 sod
779 3093 808 3150 in
827 3091 964 3157 eiusmodi
978 3087 1171 3168 praedictioni·

53 3171 110 3232 bus
130 3169 200 3229 nihil
219 3171 288 3230 certi
306 3175 358 3245 est,
378 3177 439 3230 tunt
458 3177 574 3250 propter
593 3169 738 3250 oppositos
758 3187 924 3242 concursus,
943 3175 1004 3231 bem
1023 3167 1171 3246 praecipua
1302 3209 1308 3220 .

54 3251 126 3331 quia
145 3247 237 3324 Deus,
271 3255 303 3308 ut
326 3268 494 3329 aperncrso
514 3256 656 3308 astrorum
674 3253 790 3327 aspectu
808 3247 936 3306 homines
955 3245 1088 3316 abducat,
1118 3263 1171 3302 suo
1198 3277 1203 3285 -

53 3329 172 3390 arbitrio
191 3329 275 3408 longe
294 3329 374 3389 ahter
391 3348 440 3404 res¹
454 3335 580 3388 terrenas
599 3327 770 3400 moderatur,
789 3345 875 3404 quam
894 3343 931 3384 ox
950 3317 1032 3384 astris
1041 3322 1172 3458 colligere

53 3411 150 3470 liceat.
190 3407 410 3476 Caeterumetsi
430 3407 631 3488 praedictiones
651 3407 714 3466 illue
733 3425 816 3466 auum
833 3405 951 3484 gradum
960 3403 1089 3474 habeant,
1131 3402 1171 3480 pi·

51 3493 126 3552 ritus
147 3495 241 3550 temen
259 3488 389 3551 vatidoia
404 3487 451 3546 lon
471 3507 488 3546 c
506 3487 722 3568 supereminent.
741 3485 831 3564 Atqui
840 3483 936 3544 inlelix
946 3489 1082 3577 siparum
1092 3486 1170 3560 opta·

51 3569 120 3630 bilis
141 3567 177 3628 dc
195 3567 270 3631 larue
288 3565 437 3648 prophetia
453 3507 541 3632 inisse
560 3567 680 3629 videtur.
701 3563 846 3642 Quorsum
865 3565 939 3624 euim
948 3560 1082 3624 attinebat
1091 3577 1170 3640 prae·

52 3650 134 3708 dicto
157 3649 230 3710 tristi
248 3655 353 3708 eventu
371 3645 498 3708 hommes
517 3653 583 3706 ante
602 3653 713 3726 tempus
732 3643 809 3704 reddi
828 3643 963 3704 miseros?
991 3639 1182 3722 Respondeo,

51 3727 163 3788 multas
181 3746 242 3789 csse
261 3747 373 3802 carues,
393 3746 481 3808 qum
500 3725 661 3806 impendent
679 3723 735 3784 Dei
753 3723 854 3782 iudicia
874 3729 903 3781 et
922 3721 1030 3782 debitae
1049 3718 1170 3798 pcccatis

49 3825 176 3890 poenae,
193 3827 245 3868 cur
264 3807 299 3871 de
314 3807 369 3870 iliis
378 3803 486 3880 mature
496 3805 623 3868 homiues
632 3803 806 3888 praemoneri
815 3801 953 3884 expediat.
973 3799 1049 3860 Alias
1060 3799 1170 3869 οιιιίιιιι,

49 3877 1169 4035 ,niet

49 4051 84 4109 iu
104 4055 234 4128 tempore
253 3989 417 4108 uudidutur
435 3987 593 4118 lidelei,qot
611 4064 641 4102 se
661 4043 697 4124 ad
711 3983 887 4102 tolerantiadi
894 4043 1071 4118 comparent:
1090 4034 1166 4130 quod

51 4127 198 4187 obstinata
227 4127 379 4208 impiorum
398 4125 504 4185 malitie
523 4121 711 4184 convincitur:
732 4121 806 4200 quod
833 4119 942 4182 diseunt
966 4118 1030 4178 boni
1053 4113 1167 4197 perinde

48 4227 88 4268 ac
108 4207 177 4269 mali
195 4226 255 4269 noo
273 4207 388 4266 fatuito
408 4206 569 4284 contingere
588 4221 734 4268 aermnae
753 4206 782 4258 ct
801 4199 902 4270 clades,
922 4197 968 4261 sed
983 4213 1167 4278 peenasssse,

47 4287 161 4368 quibus
185 4285 284 4350 mrrudi
308 4291 423 4366 ρωιιιιι
447 4281 526 4342 Deus
550 4282 704 4342 ulciscitur:
729 4277 806 4360 quod
824 4277 880 4336 hoc
898 4277 982 4338 ruodo
1000 4297 1019 4338 a
1037 4295 1092 4338 suo
1109 4282 1166 4334 tor·

46 4387 127 4448 pore
146 4363 351 4448 expergefieret,
370 4366 419 4443 qui
437 4361 489 4436 sihi
508 4363 537 4422 in
550 4356 912 4498 uitiisniutiumplaepgaut.
932 4353 1089 4419 Praesentis
1098 4354 1167 4412 vati-

74 4463 186 4506 Cairiuns
203 4462 227 4504 ln
240 4462 297 4505 lar.
311 4462 369 4502 rna.
384 4461 444 4501 Tora.
457 4459 495 4500 li'.
