2810 4850
153 249 211 346 'ro
558 275 905 341 namnetorum.

172 403 318 458 erexerant
336 409 499 534 gemursam
518 395 632 468 cultum,
652 413 681 452 se
723 399 771 453 uta
789 399 832 452 est
850 383 999 488 pertinacis
1012 408 1084 530 qaae
1097 391 1135 454 ad
1204 401 1280 458 eta.

171 483 218 535 tus
237 484 336 557 captam
356 496 387 534 os
410 475 552 554 ingeniosa
577 473 639 532 suit.
711 479 789 531 eleos
812 471 924 552 quadem
943 469 1015 530 inter
1034 492 1083 531 um
1100 479 1127 534 st
1158 479 1190 534 to
1209 477 1284 552 uelo,

172 575 231 615 non
250 573 330 616 secus
349 561 434 632 atque
453 558 545 613 oestro
564 551 700 614 stiurulan'
718 552 794 612 leves
813 557 843 612 et
860 547 1077 610 inconsideratos
1088 550 1229 630 homines,
1248 562 1283 616 ut
1395 622 1397 631 ,

168 635 251 713 quod
269 655 286 694 a
305 629 407 692 sanctis
424 631 531 692 lactum
549 630 634 692 luisse
652 629 773 710 audiunt¹
786 630 913 711 protinus
938 629 998 688 sine
1016 629 1165 692 iudiciuin
1184 653 1282 698 exem

172 713 253 794 plum
271 713 412 793 arripiant.
431 710 488 770 Sed
506 709 624 772 alterum
641 709 712 770 illud
729 709 832 770 vitium
848 708 937 790 magis
951 717 1161 786 communem,
1178 715 1282 772 utsuis

67 780 71 806 '
165 791 312 868 verroribus
330 791 452 852 colorem
470 789 604 850 inducant
617 807 654 850 ex
668 787 749 850 iactis
757 787 885 862 Petrum,
903 785 988 926 idque
1002 785 1152 869 inPapatu
1165 809 1282 852 cernere

953 885 971 926 o

171 877 334 952 promptum
352 876 403 930 cst.
429 867 550 929 'Verum
569 869 634 948 quia
653 865 699 928 bic
717 867 796 929 locus
815 867 916 949 insigni
972 873 1107 928 eumenio
1125 874 1178 945 est,
1195 883 1283 950 quam

169 944 1284 1090 dimisistis„ltll‘tl'idlflltllatitatis*

167 1108 231 1167 dus.
261 1106 352 1188 Saepe
370 1047 446 1166 ebibi
461 1107 608 1186 contingit,
627 1112 660 1166 ut
677 1047 746 1166 ’sinqbl
757 1103 867 1166 delectu
885 1125 938 1185 pro
957 1043 1089 1166 ibenium
1107 1105 1200 1166 maior
1217 1125 1284 1188 pars

170 1191 313 1264 sequatur,
338 1185 387 1266 qui
405 1185 517 1246 minime
537 1185 663 1245 onmium
681 1183 803 1244 habendi
820 1190 901 1244 erant
918 1183 1025 1245 Patres.
1063 1183 1107 1245 Ita
1124 1183 1209 1244 bodie
1227 1183 1284 1246 Pa·

168 1265 256 1344 pistas
274 1264 400 1324 videmus
440 1283 507 1324 uum
526 1263 629 1324 inllatis
646 1262 741 1322 buccis
750 1260 848 1323 Patres
861 1261 1019 1338 demutant,
1037 1261 1146 1324 nullum
1155 1261 1282 1346 Prophe-

168 1343 205 1400 tis
224 1349 254 1402 et
271 1285 532 1423 Apostolisbooum
556 1343 636 1419 dare,
664 1341 714 1402 ubi
737 1347 830 1402 autem
848 1359 954 1422 pancos
972 1343 1153 1402 nominarunt
1171 1341 1282 1404 bonore
1341 1415 1347 1426 .

168 1419 276 1501 dignos,
296 1440 460 1482 coacervare
479 1423 619 1502 ingentem
638 1421 784 1482 hominnm
797 1421 841 1479 sui
854 1421 987 1494 similium
996 1427 1148 1496 catervam,
1166 1421 1214 1482 vel
1228 1423 1284 1482 sal-

117 1517 122 1550 ·
168 1505 227 1558 tem
246 1499 412 1562 descendere
430 1501 466 1561 ud
479 1521 561 1562 sonu
581 1503 653 1562 tiota
668 1499 787 1576 saecula,

168 1577 307 1639 barbaries
330 1580 498 1654 invaluerat,
527 1523 623 1660 mbgio
647 1585 742 1654 tomen
761 1585 790 1640 et
806 1521 951 1639 decumae
970 1579 1076 1660 puritas
1093 1579 1216 1640 multum
1234 1579 1284 1640 de·

168 1657 347 1718 clirraverant.
387 1655 465 1739 Ergo
482 1659 634 1720 tenendum
652 1665 697 1720 cst
714 1656 813 1718 sedulo
832 1657 993 1732 discrimen,
1012 1677 1050 1717 ne
1067 1655 1168 1720 Patres
1186 1677 1283 1720 cense-

167 1741 253 1794 antur
269 1738 324 1797 nisi
343 1757 415 1876 quos
435 1737 572 1802 constabit
590 1737 676 1798 fuisse
694 1735 751 1797 Dei
770 1735 858 1810 lilios,
887 1735 986 1797 deinde
1010 1735 1060 1816 qui
1083 1737 1194 1816 pictatis
1213 1757 1285 1798 suae

166 1813 345 1908 excellentia
373 1835 429 1877 unc
447 1816 561 1876 honoris
580 1816 698 1898 gradum
736 1816 862 1884 romeriti
884 1816 949 1876 sint.
998 1814 1169 1909 Frequenter
1195 1818 1283 1912 etiarn

167 1912 232 2033 ¹lbrae
233 1913 250 1954 ⁰
263 1896 554 2053 mbu'b’uibsuogobe
554 1915 631 2034 121:th
648 1902 818 2034 lerbnobb'tbusne¹
832 1893 1090 2034 &ffibrbonbbbbnsg
1100 1891 1283 2070 qbffixatztanss

167 2069 217 2110 eos
236 2052 342 2112 exmrat
359 2051 505 2113 hominum
523 2071 651 2114 numero.
689 2052 733 2113 lta
752 2052 819 2112 dum
838 2051 920 2114 nobie
938 2053 1109 2112 iumentum
1127 2071 1186 2112 non
1203 2059 1286 2114 vemt

166 2127 294 2189 bomincs
312 2131 398 2192 fuisse
417 2133 466 2212 qni
484 2131 541 2192 lubi
558 2121 699 2212 poteraut,
716 2131 785 2191 vitia
797 2131 948 2192 virtutibus
952 2132 1113 2226 promiscue
1122 2132 1285 2210 miscemus,

166 2207 242 2268 unde
259 2210 388 2293 sequitur
405 2210 526 2290 pessima
542 2211 573 2270 in
591 2211 706 2270 vivendi
724 2211 833 2270 ratione
852 2211 986 2270 confusae.
1036 2208 1109 2270 Nam
1133 2229 1225 2289 quum
1246 2211 1287 2270 ad

166 2283 250 2368 Legis
268 2289 393 2368 regulam
411 2289 595 2350 exundnanda
613 2291 671 2350 s'urt
688 2287 936 2378 omnishominum
947 2287 1028 2363 bele,
1046 2287 1181 2348 trutinam
1190 2289 1285 2370 ipsam

167 2367 225 2426 suis
244 2367 414 2447 ponderibus
434 2367 603 2441 subicimus,
623 2367 745 2448 denique
763 2367 813 2428 ubi
830 2367 902 2428 tanti
915 2365 1074 2427 litPatrum
1082 2367 1210 2442 imitatio,
1228 2369 1285 2428 im·

167 2463 244 2524 pune
263 2452 328 2524 post
346 2465 394 2505 eos
413 2465 444 2504 se
498 2463 577 2504 coare
596 2447 718 2506 mundus
737 2452 827 2528 putat
870 2445 1003 2508 Tamum·
1014 2447 1115 2506 sitium
1132 2453 1176 2506 est
1194 2463 1285 2528 pmva

168 2522 331 2598 aemulatio,
348 2523 397 2582 ubi
415 2541 429 2580 s
447 2525 454 2540 ⁸
477 2529 522 2583 cet
540 2543 592 2585 nee
611 2525 710 2584 eodan
724 2526 842 2606 praediti
851 2522 959 2606 Sps-itu,
976 2543 1030 2585 nec
1039 2525 1141 2586 eodem
1154 2527 1287 2588 instructi

168 2598 302 2660 mandato
321 2599 458 2660 uelimus
476 2601 687 2684 inexemplum
705 2603 784 2686 quod
798 2603 916 2665 Patrum
936 2603 1130 2700 aliquislecit,
1151 2606 1289 2686 quemad·

827 1499 908 1559 uibus
923 1499 1110 1560 etsinondum
1119 1507 1180 1560 tam
1189 1519 1283 1566 erasse

167 2677 285 2738 modum
304 2679 409 2758 siquis
428 2680 554 2760 privatus
573 2682 666 2762 gladic
685 2684 781 2743 ulcisci
794 2683 864 2744 velit
877 2683 998 2742 fratrum
1011 2681 1134 2762 iniurias,
1153 2683 1287 2766 quiahoc
1399 2751 1400 2760 χ

168 2757 235 2816 iecit
253 2755 346 2817 Moses
366 2755 476 2836 (Exod.
496 2763 529 2835 2,
549 2761 642 2839 12.):·
657 2761 681 2822 si
700 2763 762 2842 quis
782 2762 818 2824 de
836 2761 1037 2828 scortatoribus
1055 2778 1161 2844 poenas
1180 2771 1287 2840 sumat,

210 2835 236 2896 'a
254 2834 320 2896 iecit
338 2835 533 2898 boc'Pinebas
552 2837 650 2917 (Num.
670 2843 719 2916 25,
737 2839 789 2922 7.).
828 2839 903 2900 Hinc
922 2847 1005 2900 natus
1024 2847 1068 2901 est
1084 2842 1216 2902 immanis
1234 2843 1288 2904 ifle

234 2933 249 2971 r
267 2915 406 2976 mactandi
424 2918 555 3056 proqsrics
573 2917 661 2991 filios,
686 2919 922 3000 quemadmodum
942 2919 1025 2982 multi
1041 2919 1179 2995 iudicant,
1204 2923 1287 3000 quod

167 2991 262 3052 Iudaei
280 2994 355 3073 patri
374 3013 427 3056 suo
446 2995 473 3056 A
492 2996 577 3057 rabac
595 2997 699 3058 similes
718 3017 780 3059 esse
797 2998 945 3074 volebant,
964 2999 1045 3082 quasi
1064 3016 1131 3060 vero
1150 3002 1286 3081 generale

166 3071 224 3132 hoc
242 3078 316 3132 esset
334 3092 434 3168 praece
454 3079 530 3150 tum,
548 3073 667 3136 lmmola
684 3075 775 3136 lilium
793 3084 875 3137 tuum
893 3077 972 3140 Isaac
989 3075 1073 3156 (Gen.
1093 3081 1147 3152 22,
1166 3077 1223 3158 9.),
1247 3099 1285 3139 ac
1398 3069 1399 3074 ¹

86 3209 89 3218 ,
168 3171 226 3212 nan
242 3147 339 3234 botius
358 3173 420 3234 ung
449 3155 504 3214 an's
522 3155 605 3214 unius
624 3153 746 3216 hominis
764 3155 902 3237 probatio.
945 3155 1042 3218 Talem
1060 3158 1231 3235 sawtqaiuv
1251 3166 1287 3218 ut

167 3230 324 3311 plurimum
343 3230 432 3292 fastus
451 3239 481 3293 et
498 3234 584 3294 nimia
602 3233 771 3296 confidentia
789 3236 872 3316 parit,
891 3235 960 3296 dum
974 3235 1026 3296 sibi
1055 3236 1286 3298 lusnimioarro

10 3282 14 3301 ι
67 3333 79 3356 ·
167 3315 235 3390 gant
253 3309 390 3385 homines,
409 3330 462 3372 uec
479 3331 532 3372 suo
551 3313 667 3373 modulo
686 3331 718 3374 se
736 3315 857 3396 quisque
875 3317 997 3375 metitum.
1058 3323 1135 3377 terea
1152 3314 1287 3376 Patribus

166 3389 238 3485 nrrlli
257 3395 325 3484 sunt
341 3391 413 3450 recti
431 3391 598 3489 imitatum·
611 3393 752 3490 plurimae
766 3393 872 3455 simiae.
893 3393 948 3454 Ex
965 3393 1022 3454 boc
1040 3396 1125 3490 etiarn
1139 3395 1218 3456 fonte
1231 3397 1286 3455 iiu-

167 3467 987 3648 rn¹na¹s¹mnt¹ns¹rt¹slt¹ns
1005 3473 1288 3636 munna

167 3627 292 3722 dandum
310 3635 362 3704 est,
381 3649 440 3710 quo
460 3629 695 3710 quisque'Spintu
714 3631 833 3694 donatus
852 3633 898 3704 sit,
920 3619 989 3712 quid
1007 3629 1080 3691 serat
1092 3634 1227 3714 cuiusque
1235 3653 1287 3693 vo-

167 3713 249 3799 catio,
270 3707 339 3802 quid
357 3709 473 3790 singulis
492 3709 652 3804 conseniat,
671 3711 787 3805 etquid
807 3711 923 3794 singulis
943 3713 980 3771 sit
998 3709 1172 3780 mandatum.
1211 3707 1289 3806 Huic

165 3789 250 3876 tcutro
272 3792 339 3844 vrbo
358 3785 444 3854 aliine
462 3793 505 3848 est
525 3786 609 3861 ebud,
629 3787 757 3847 coniusro
776 3789 881 3882 scilicet
899 3797 1070 3872 temporum,
1091 3789 1159 3852 dum
1218 3797 1288 3850 dem

165 3881 196 3918 rn
215 3859 334 3928 Patruus
352 3866 489 3946 exemplis
508 3865 638 3945 occupati
657 3865 797 3927 divmsam
816 3869 916 3948 agendi
929 3867 1035 3952 Legem
1055 3868 1108 3928 sibi
1127 3889 1145 3930 a
1189 3872 1289 3930 ondno

166 3946 369 4076 qracscuptam
387 3961 448 4004 esse
467 3965 527 4040 non
544 3945 677 4025 cogitant.
716 3943 791 4040 lduic
809 3947 935 4042 inscitiae
954 3955 1103 4030 acceptum
1120 3947 1219 4009 referri
1238 3949 1287 4008 de-

164 4025 215 4155 ni
228 4035 779 4166 ,tl‘tldtsltlbllttllt
799 4025 904 4166 dli-z
921 4025 1023 4166 ⁰¹:3¹?
1042 4024 1290 4167 {dimili

120 4233 124 4240 ,
166 4117 227 4250 est?
280 4174 305 4233 'a
323 4173 389 4270 qlus
408 4177 499 4240 valuit
516 4181 601 4240 studia
620 4179 752 4244 Iudaismi
771 4127 1164 4266 adlectatiolquampdecebat.
1223 4183 1291 4245 abc-

166 4252 636 4400 ¹s¹nlssr0¹n¹sl¹ln¹
656 4263 965 4421 amissura*
975 4263 1291 4406 mussas

162 4353 268 4472 baianas
287 4409 432 4474 Ecclesiae
452 4418 593 4497 conditio,
609 4381 641 4480 'si
667 4363 822 4484 oessdsscnt
841 4365 1075 4486 omnmobmbms
1093 4423 1197 4507 quibus
1216 4367 1291 4484 osb:
