2754 4864
526 269 656 330 orror
674 269 728 331 rx.
1084 245 1086 249 ’
1146 283 1203 346 179

147 389 196 448 20.
220 381 306 445 Nnuc
420 385 498 444 uitur
521 383 614 445 Luem
638 405 726 466 quam
749 385 896 448 fructuosa
920 387 1007 450 luerit
1030 387 1113 453 Pauli
1138 415 1208 457 eon·

71 467 178 540 versio,
207 482 322 545 nempe·
340 483 400 544 quo
449 463 546 526 statim
575 466 713 547 prodierit
740 468 771 526 in
802 465 962 548 publicum,
992 489 1046 531 uec
1070 473 1157 534 modo
1178 497 1209 536 se
1256 519 1260 530 ‚

72 547 175 608 Christi
201 541 375 625 discipulum
399 544 544 625 protessus
569 549 620 622 sit,
649 547 707 607 sed'
720 545 833 608 fortiter
850 545 1037 632 Evangelium
1057 555 1209 616 asserendo

70 647 103 688 ec
121 625 247 685 bostium
273 623 345 684 odiis
370 641 404 682 ao
423 625 513 684 turori
539 624 681 687 obiecerit.
726 624 804 710 Ergo
830 629 880 708 quui
899 649 993 712 nuper
1011 633 1041 691 in
1061 631 1209 696 Christum

70 707 178 768 lurioso
197 705 310 786 impetn
329 703 444 778 ruebat,
472 721 531 765 nnn
552 707 639 766 modo
658 705 770 788 placide
789 707 851 768 eius
870 709 989 790 imperio
1010 729 1040 770 se
1060 712 1210 788 submittit,

71 786 119 846 sed
138 786 220 865 quasi
239 784 440 862 antesignanus
461 805 513 866 pro
534 785 703 850 vindicanda
722 787 988 870 eiusgloria'nsque
1003 789 1210 854 adextremmn

72 865 230 948 periculum
259 863 384 923 dimicat.
431 863 550 924 Certum
623 867 698 926 'dem
722 874 779 939 est,
809 887 867 927 non
893 869 980 929 luisse
998 877 1059 930 tam
1083 873 1211 934 celeriter

73 943 555 1084 pperahilipafuupppeiffialtplprffised
574 887 631 1005 sibl
642 947 802 1085 pudimesnta
820 947 988 1088 imbibite?
997 949 1224 1091 appenilpopsiuis,

74 1045 299 1184 tulllilerstriugit
318 1123 408 1183 quum
429 1044 863 1186 dici,tlorqausitlecd'llb'ibtuausilslsacli¹
874 1047 1059 1170 l‘lltuswllei.
1100 1051 1211 1176 Eordelli

77 1203 161 1242 sensu
181 1181 265 1264 paulo
276 1190 351 1322 cpost
371 1182 492 1259 subiicit,
512 1187 592 1268 qood
609 1195 681 1246 emet
703 1189 848 1248 Οινιιιιιι.
872 1185 1002 1269 Intellige
1021 1195 1117 1250 autem
1138 1190 1210 1264 Pau-

76 1265 145 1336 lum,
167 1281 254 1342 quum
332 1281 401 1322 vcro
422 1261 541 1324 Messias
560 1263 657 1324 cilicio
676 1285 714 1326 ex
733 1264 811 1345 lege
830 1273 859 1326 et
878 1263 1032 1348 Prophetis
1053 1270 1211 1346 dissereret,

75 1343 157 1402 simul
183 1343 313 1402 docuisse
332 1343 470 1422 quicquid
490 1343 525 1403 de
544 1343 647 1404 blessia
666 1345 840 1426 promissum
860 1351 922 1406 erat
941 1354 971 1406 et
990 1351 1160 1428 sperandum
1181 1353 1209 1412 iu

74 1423 187 1482 Christo
212 1420 370 1482 exhibitum
389 1441 459 1483 esse.
499 1421 532 1482 ld
551 1425 627 1484 cuim
647 1423 734 1484 verba
754 1423 914 1506 significant
933 1446 1022 1506 quum
1043 1428 1111 1490 dicit
1129 1451 1198 1511 prae

74 1503 194 1574 dieasse,
220 1499 366 1562 Christum
391 1521 454 1562 esse
473 1501 530 1566 Dei
549 1502 662 1563 Filium.
708 1501 885 1586 Principium
905 1505 974 1564 illud
994 1513 1077 1568 extra
1097 1517 1210 1570 contro-

73 1583 194 1642 versiam
212 1587 276 1642 erat
294 1581 372 1662 apud
390 1581 519 1656 ludaeos,
538 1581 700 1644 Venturum
715 1583 806 1644 aDeo
815 1585 1034 1666 redemptorem,
1054 1589 1210 1668 quiomuia

73 1664 103 1722 in
121 1661 233 1722 felicem
257 1667 364 1721 statum
386 1663 557 1722 restibunet.
583 1661 668 1722 llnnc
687 1661 794 1760 l‘anlus
819 1663 911 1762 docet·
925 1680 987 1725 esse
1006 1665 1099 1727 lesum
1120 1667 1210 1728 Nona-

73 1761 203 1880 ‘itu
218 1739 1212 1910 ttl.httt÷t⁰t,tttt.ttt.t·tsstbttttttttttt

75 1843 208 1974 lanium,
228 1900 320 1998 pusulis
339 1901 495 1982 promissus
509 1909 589 1962 esset
608 1903 638 1961 iu
698 1900 884 1982 gcChristus,
904 1907 934 1962 et
952 1903 982 1962 in
1025 1923 1088 1964 uum
1108 1905 1211 1966 linem:

74 1981 125 2041 sed
165 1982 213 2040 uia
232 1998 263 2040 ιιι
282 1979 361 2040 bunc
379 1999 500 2062 scopum
518 1980 673 2060 tendebant
693 1983 799 2055 omnia,
818 1987 852 2040 nt
870 1981 963 2042 lilium
1014 1985 1088 2044 ariae
1108 1984 1212 2064 proba·

75 2061 147 2120 ret'
172 2079 220 2120 um
240 2079 302 2120 esse
322 2061 357 2121 de
376 2058 507 2142 quoLex
527 2067 557 2122 et
566 2060 729 2142 Prophetae
746 2059 942 2122 testimonim
961 2061 1126 2140 reddebant,
1146 2064 1211 2126 ideo

74 2141 131 2200 boc
150 2161 209 2202 uuo
227 2139 318 2201 verbo
337 2147 488 2201 contentus
506 2148 552 2202 est
569 2139 671 2202 Lucas.

154 2225 203 2282 21.
246 2221 487 2302 Obdupsseedout
520 2243 627 2282 omues.
671 2217 736 2280 lloc
760 2219 874 2282 additur
892 2225 926 2281 nt
945 2219 1067 2286 ιοὶιιῐιιιι
1087 2223 1211 2304 agnitam

77 2299 168 2360 inisse
197 2295 254 2360 Dei
282 2301 426 2362 virtute..
471 2297 546 2361 Nam
570 2319 659 2383 quum
679 2299 768 2382 vulgo
788 2299 906 2361 celebris
925 2307 999 2361 esset
1022 2299 1105 2362 Pauli
1128 2303 1214 2362 ardor

75 2386 176 2440 contra
194 2377 275 2440 Euan
296 2380 396 2456 ebum,
422 2399 537 2442 causam
560 2387 620 2441 tans
640 2377 749 2440 subitae
767 2381 934 2441 mutationis
951 2400 1012 2441 nou
1031 2381 1116 2442 aliam
1135 2383 1212 2442 ride-

74 2460 163 2533 bant,
185 2477 272 2540 qnam
320 2461 496 2520 dinanum.
541 2458 593 2521 Est
615 2479 684 2540 ergo
703 2459 751 2520 hic
770 2479 887 2542 quoque
905 2479 980 2520 nnus
999 2462 1110 2520 fructus
1129 2463 1211 2522 ndro-

76 2539 151 2612 euli,
181 2539 260 2618 quod
287 2559 395 2600 novum
424 2540 570 2602 lubntissem
597 2545 716 2636 repente
740 2539 849 2600 lactum
874 2555 974 2600 omncs
997 2542 1150 2616 mirantur,
1180 2547 1231 2600 ut*

76 2619 141 2677 eius
165 2617 292 2680 coenus
313 2623 403 2702 magis
428 2623 538 2680 animos
562 2619 677 2680 afficiat.
722 2617 812 2698 Quod
835 2619 950 2692 dicunt,
977 2639 1070 2702 uagna
1095 2621 1213 2680 saevitia

78 2704 238 2778 grossatum
260 2717 335 2772 esse,
364 2707 394 2758 et
418 2719 511 2781 nuper
535 2702 648 2760 venisse
670 2697 847 2760 Damascum
871 2705 905 2760 ut
929 2701 959 2760 in
986 2700 1135 2781 proposito
1159 2719 1213 2762 suo

75 2784 229 2918 pergeret,
268 2779 495 2840 circumstantiae
530 2781 601 2842 istae
635 2777 672 2839 ud
707 2777 876 2840 miraculum
910 2779 1070 2860 augendum
1105 2779 1211 2840 valent.

105 2857 210 2916 wuda
239 2859 325 2918 etiam
354 2865 398 2918 est
423 2859 569 2938 loquutio,
598 2881 648 2920 eos
716 2867 725 2882 ⁴
749 2867 887 2921 innocent
910 2863 965 2921 hoc
989 2883 1109 2920 nomeu.-
1139 2879 1214 2942 quae

75 2943 196 2997 testatur
221 2938 284 3020 pios
309 2939 350 2998 sic
369 2937 476 3002 Christi
499 2959 602 3000 nomen
627 2883 771 3018 prolibus
796 2957 873 3012 csse,
897 2947 931 3000 ut
955 2945 1045 2999 totum
1065 2941 1094 3000 in
1115 2959 1150 2999 eo
1170 2957 1213 2998 sn·

75 3018 147 3076 lutis
172 3017 307 3078 lidueiam
333 3020 473 3078 locarent:
498 3021 577 3079 iuxta
597 3017 683 3090 illud,
702 3017 741 3078 lli
759 3019 791 3077 iu
810 3017 939 3078 curribus
959 3025 987 3077 ct
1008 3019 1055 3077 alii
1073 3021 1103 3076 iu
1123 3021 1213 3114 cquis,

77 3117 133 3158 rios
158 3105 255 3156 autem
279 3099 443 3176 innomine
464 3097 580 3158 Domini
604 3095 809 3156 invocabimus.
848 3095 925 3156 Psal.
944 3101 993 3168 20.
1013 3099 1042 3159 8.
1082 3095 1214 3176 Demque

76 3175 216 3257 quicquid
236 3177 270 3238 dc
290 3179 469 3239 invocatione
487 3177 543 3241 Dei
563 3177 699 3258 praecipit
718 3177 868 3256 scripturo,
887 3176 918 3236 iu
937 3175 1043 3234 Christi
1062 3195 1238 3256 personant«

77 3274 145 3314 eom
167 3259 226 3316 etit.

148 3277 209 3397 p‘l‘l.
249 3340 359 3400 Saulus
383 3347 480 3398 eutem
504 3344 605 3419 mugio
628 3336 826 3400 insolescebat.
872 3331 927 3396 llic
951 3355 1008 3394 uun
1034 3331 1132 3392 modo·
1146 3337 1214 3392 sirc-

76 3435 171 3475 nuum
196 3415 277 3477 Pauli
307 3417 399 3478 zelrun
434 3416 614 3477 commendat
642 3415 734 3476 Lucas
764 3417 794 3474 iu
829 3411 886 3474 fide
919 3413 1025 3473 Christi
1057 3411 1215 3482 mildreda,

76 3495 130 3554 scd
159 3496 243 3557 docet
274 3499 359 3556 ctiam
388 3497 488 3568 validis
513 3495 668 3556 rationibus
691 3513 846 3578 pugnasse,
898 3494 980 3554 uibus
1004 3491 1123 3550 ludaeos
1148 3509 1216 3550 con·
1327 3493 1332 3508 “

75 3577 218 3636 vinceret.
262 3579 477 3652 listrolescebot‚
501 3577 609 3658 iuquit,
633 3574 690 3636 hoc
714 3579 772 3648 est,
796 3568 935 3654 Sirpcrror
954 3579 1015 3632 crat
1035 3571 1217 3651 disputando,
1321 3596 1326 3618 ι

77 3657 143 3714 eius
169 3655 310 3718 confessio
335 3658 395 3718 vim
421 3663 450 3718 ct
474 3657 618 3734 energiam
644 3656 825 3729 coniunctam
848 3651 989 3726 babebat,
1018 3651 1087 3731 quia
1109 3649 1218 3710 scilicet

77 3733 248 3816 Scripturas
281 3735 437 3798 tesimouiis
467 3742 496 3796 ct
525 3737 587 3795 aliis
616 3735 739 3816 Spiritus
769 3733 857 3794 saneti
889 3731 1034 3814 praesidiis
1062 3729 1228 3789 instructus

79 3831 184 3874 omnes
212 3816 389 3877 adversarios
418 3818 498 3897 quasi
530 3815 677 3876 obruebat.
730 3813 884 3876 Turbuudt
913 3813 989 3872 euim
1013 3807 1133 3870 verbum
1159 3827 1218 3889 quo

374 3997 406 4036 os
425 3983 460 4036 nt
479 3976 556 4058 apud
576 3995 606 4036 se
625 3995 684 4036 non
703 3981 806 4036 esseut.
850 3971 953 4033 llodus
972 3967 1105 4030 turbandi
1124 3969 1218 4049 expri-

74 4055 172 4114 mitur
200 4076 259 4136 quo
308 4055 415 4118 Paulus
450 4055 662 4116 corilirmarerit
691 4053 783 4114 lesum
813 4059 874 4114 cs'se
904 4050 1059 4110 Christum.
1108 4043 1218 4108 Sensus

74 4135 159 4193 euim
189 4143 247 4212 est,
276 4133 377 4215 Quum
405 4137 529 4196 maxime
558 4153 717 4216 repugnare
742 4133 849 4192 vellent
872 4131 981 4202 ludaei,
1010 4129 1098 4190 fuisse
1120 4133 1217 4188 ιιιιιειι

73 4216 176 4275 victos
206 4217 406 4277 et'couiusos.
451 4215 495 4276 lta
525 4216 722 4294 experimento
749 4213 883 4352 probavit
907 4209 1014 4272 Paulus
1038 4207 1218 4270 verissimum
1335 4255 1340 4266 .

76 3892 190 4032 lfucsps·
204 3897 477 4116 thilimt,
506 3893 608 3975 Quum
634 3892 742 3956 Paulus
772 3913 822 3955 eos
851 3893 925 3952 ultra
950 3889 1068 3951 niodum
1094 3893 1216 3969 urgeret,

75 3991 122 4033 sre
162 3991 238 4036 uisse

74 4313 146 4354 esse
178 4295 256 4376 quod
287 4297 470 4377 pronuntiat,
501 4293 679 4376 Scriptorum
707 4295 748 4352 uti
761 4313 805 4353 cm
835 4309 898 4352 esse
926 4293 962 4350 ad
992 4289 1042 4350 red
1113 4286 1219 4346 endum

74 4373 130 4453 (ll.
153 4373 228 4450 Tim,
248 4379 278 4450 3,
298 4377 368 4454 tu).
418 4375 564 4470 Praestitit
592 4375 679 4470 etiam
708 4373 786 4453 quod
811 4373 878 4472 slibi
902 4371 995 4452 exigit
1013 4369 1049 4428 ab
1099 4368 1218 4501 piscopo

72 4461 110 4516 et
133 4451 265 4518 Doctore
284 4453 358 4534 (Tit.
379 4459 412 4530 1,
436 4455 501 4533 7.);
523 4455 579 4515 lmt
602 4475 680 4518 eurus
707 4453 743 4513 ad
763 4460 910 4595 ventsptpm
930 4447 1110 4512 asserendam
1128 4461 1217 4504 vero
