2742 4856
471 203 476 210 ·
517 189 646 252 CAPUT
665 189 734 252 XV.
1141 205 1201 264 295

74 313 169 379 erant,
188 310 285 386 pentes
304 301 434 380 adiunxit
453 301 576 379 ludaeis,
596 311 629 366 nt
647 307 676 368 in
696 325 801 388 eorpus
820 327 910 370 nuum
929 311 1132 372 coalescerent:
1160 321 1201 374 at-

75 405 132 468 que
150 392 183 446 nt
201 386 238 444 ita
258 383 361 463 loquar
381 383 623 448 circumcisionem
642 387 756 446 miscuit
773 391 940 470 praeputio,
954 445 956 448 .
970 395 1002 450 ut
1025 397 1086 450 tom
1105 391 1201 452 dome-
1284 429 1288 436 ·

75 468 138 528 stici
156 483 240 544 qnam
259 463 387 524 cabensi
406 481 496 524 unum
521 466 577 524 sint
601 465 631 526 iu
651 465 779 541 Christo,
809 475 839 527 et
863 487 948 528 unam
967 467 1122 531 Ecclesium
1141 455 1222 532 effi-¹

74 549 157 620 cient,
176 563 227 604 nee
245 544 284 602 sit
301 543 424 622 amplius
444 541 490 602 vel
504 543 628 604 'Iudaeus
647 546 696 606 vel
715 545 851 608 Graecus.
1111 547 1113 550 ’

153 629 249 698 Quom
268 625 337 706 fide
361 623 559 702 punsseosset.
604 621 768 721 Respondet
798 625 854 686 boc
876 625 1035 688 membrum
1061 631 1202 709 superiori

72 702 196 785 epitheto
221 703 299 783 quod
318 701 384 764 Deo
404 703 526 784 aptavit,
554 705 614 764 sesi
643 705 760 778 diceret,
784 703 894 784 Deum,
925 708 976 788 qui
1001 708 1130 768 cordium
1157 715 1202 770 est

48 785 213 866 cognitor,
242 785 319 868 intus
348 800 484 862 purgasse
513 779 624 863 gentes,
694 805 744 844 um
768 805 816 846 eas
841 785 970 868 dignutus
995 795 1038 847 est
1062 807 1114 848 ene
1134 789 1202 848 odo·

71 867 182 958 plicae,
210 868 244 922 nt
267 862 405 958 spirituali
428 861 566 958 munditia
591 879 659 943 prae
680 865 733 924 'loe
751 872 860 924 essent:
890 868 939 925 sed
959 867 1036 926 addit
1055 875 1202 948 praetereo

71 939 1055 1108 tttl‘tstttd„illimdittmt‘tdtttb
1069 947 1200 1086 still?

71 1101 159 1161 bnnel
187 1101 319 1161 sufficiat:
350 1100 450 1161 deinde
473 1099 548 1161 bane
572 1101 655 1168 docet
679 1101 736 1164 fids
759 1103 878 1162 obtineri
903 1111 993 1164 etex
1017 1125 1050 1164 ee
1072 1124 1198 1166 orauere

71 1179 178 1240 Eodem
203 1180 291 1240 mmo
310 1180 419 1260 colligit
437 1179 545 1242 Paulus
569 1179 670 1258 (Rom.
691 1182 726 1256 4,
745 1183 827 1259 td),
856 1204 915 1243 non
947 1185 1059 1244 obstare
1090 1185 1200 1246 bomini
1247 1217 1256 1244 s

68 1261 1199 1420 ltitltbsfflttt‘tttttdtttttdtffidtut⁰ti*

67 1421 144 1500 poris
163 1420 218 1478 fnit
239 1421 387 1498 posterior.
427 1417 536 1480 Verum
575 1421 601 1478 ie
620 1421 748 1486 exoritur
766 1384 914 1501 quaestio:
940 1423 987 1482 An
1007 1424 1118 1482 diverse
1137 1425 1198 1483 fue·

66 1501 102 1558 rit
121 1499 189 1560 olim
208 1497 329 1558 Petrum
355 1499 463 1578 puritas
482 1498 518 1558 ab
537 1518 586 1573 ee,
610 1518 697 1580 qnam
717 1520 793 1562 nunc
812 1499 894 1560 Dens
915 1501 1044 1581 gentibus
1064 1505 1198 1562 contulit:

65 1579 177 1640 videtur
199 1579 281 1640 enim
305 1579 408 1643 diserte
430 1575 533 1638 Petrus
557 1579 611 1638 bac
639 1585 707 1638 nota
732 1579 890 1640 discerncre
915 1589 1012 1660 gentes
1033 1601 1053 1644 ,a
1079 1579 1197 1656 ludaeis,

64 1659 141 1798 ppnod
165 1659 230 1720 sola
255 1659 348 1718 cordis
372 1657 511 1752 munditie
530 1664 680 1718 contentae
699 1659 778 1718 nullo
798 1658 880 1740 Legis
900 1659 1025 1720 subsidio
1045 1662 1197 1742 indigeant.

65 1737 900 1897 oidiluald„*tittttrrffiit‘tttllttt
916 1740 1199 1900 ”l‘ttt‘tzltt

66 1897 131 1956 luit:
160 1903 276 1958 lantum
303 1899 334 1958 in
364 1896 420 1956 boe
443 1896 525 1956 dulae
549 1895 664 1956 luerunt
688 1897 863 1958 ceremoniae
893 1897 982 1957 veteri
1011 1898 1134 1978 populo,
1164 1903 1198 1956 nt

66 1977 149 2036 srdem
179 1979 242 2050 eius
271 1977 446 2038 adiuvarent.
489 1974 533 2034 lta
562 1975 728 2048 mundities,
759 1975 853 2056 quoad
878 1974 984 2054 figuras
1009 1983 1039 2035 ct
1063 1977 1197 2035 exercitia

64 2057 228 2137 temporalis
246 2056 301 2116 fuit
320 2076 411 2136 nsque
431 2055 467 2115 ad
488 2053 595 2114 Gbristi
615 2055 782 2120 adveutum,
814 2055 858 2134 eui
880 2075 956 2114 neruo
976 2053 1048 2115 inici
1065 2075 1119 2114 nos
1133 2074 1198 2114 noa
1286 2083 1299 2101 «-

65 2143 106 2196 est
125 2139 216 2210 locus,
236 2136 476 2216 quemadmodum
495 2135 570 2194 idem
591 2133 625 2194 ab
645 2135 724 2192 initio
744 2135 807 2214 ipso
827 2133 926 2194 mnndi
946 2153 1036 2213 usque
1056 2134 1091 2192 ad
1111 2133 1199 2193 finem

63 2211 158 2276 manet
178 2217 265 2275 aerim
283 2214 340 2310 Ilei
359 2215 468 2310 pullus,
497 2213 786 2308 nempespiritualis:
816 2214 845 2272 iu
865 2213 957 2272 lorma
978 2221 1074 2272 taurea
1094 2207 1197 2272 visildli

60 2290 986 2452 ttsttttttlttttulttttltdctttmt‘tttt
1004 2299 1198 2430 tttttttt

21 2481 26 2505 ι
61 2455 145 2512 ditis:
174 2454 351 2514 ceremoniae
379 2453 455 2526 enirn
484 2470 537 2531 per
566 2470 596 2510 se
622 2451 658 2510 od
681 2471 731 2510 eos
756 2450 949 2512 iustificandos
970 2452 1038 2510 nibil
1058 2450 1199 2511 hebebant

59 2533 217 2601 momenti,
246 2533 297 2592 sed
316 2531 486 2592 adminicula
505 2537 586 2590 erent
607 2530 762 2604 duntaxat,
782 2551 865 2610 quae
885 2551 937 2612 per
957 2529 1086 2590 accidens
1107 2537 1139 2590 ut
1158 2532 1198 2588 ita

59 2614 166 2690 loquar
186 2611 354 2690 purgabant,
373 2619 405 2670 ut
424 2617 520 2672 tamen
539 2610 638 2670 eadem
658 2609 802 2670 veteribus
821 2611 902 2670 fuerit
921 2611 1068 2672 uobiscum
1081 2612 1195 2669 veritas.

59 2691 121 2750 lam
152 2688 260 2750 Gbrisli
290 2691 413 2751 adventu
433 2691 579 2772 rquicquid
608 2691 798 2754 adventicium
828 2696 889 2751 erut
917 2693 1046 2750 evanuit.
1075 2691 1197 2770 ideoque

60 2771 195 2830 dbocseie
215 2769 323 2832 umbris
342 2778 472 2851 superest
490 2772 567 2831 nuda
586 2777 617 2831 et
636 2771 758 2852 simplex
777 2771 871 2840 cordis
890 2774 1008 2852 puritas.
1035 2767 1196 2830 llocmodo

13 2877 18 2888 ·
58 2851 142 2912 lecile
162 2849 284 2910 solvitur
302 2850 407 2919 nodus,
433 2870 520 2930 quem
539 2849 635 2912 ludaei
653 2851 880 2932 inexplicabilem
899 2863 962 2912 esse
981 2857 1092 2932 putant.
1132 2849 1195 2910 cu-

59 2930 195 2992 enmcisio
215 2937 335 3006 vpestur
354 2931 454 2990 foedos
473 2937 620 2990 aeternum
645 2938 695 2990 sort
720 2931 826 2992 saeculi
846 2929 938 3004 (Gen.
959 2935 1013 3003 17,
1034 2931 1116 3007 13.)=
1147 2949 1195 3004 ue-

61 3018 128 3090 gent
146 3011 235 3090 igitur
253 3008 340 3068 inisse
360 3009 538 3070 abolendum.
578 3007 612 3068 Si
631 3011 695 3087 quis
714 3011 851 3088 excipiat„
881 3030 938 3068 non
964 3010 1063 3068 reterri
1083 3011 1139 3068 boe
1159 3009 1195 3068 ad

60 3089 169 3149 visibile
199 3088 378 3168 symbolum,
408 3087 458 3147 aed
488 3089 583 3168 potius
608 3089 643 3146 ad
669 3107 729 3146 rem
754 3090 891 3169 signatam
917 3087 1006 3167 probe
1026 3107 1196 3166 respronsum

61 3170 158 3230 luerit:
184 3169 236 3228 sed
254 3168 310 3227 alia
330 3174 373 3226 est
393 3168 508 3240 solonio,
528 3187 614 3246 quarn
635 3163 823 3244 dixi'Qnum
844 3164 949 3224 Christi
970 3185 1088 3246 regnum
1110 3183 1195 3244 quoe·

62 3247 125 3308 dnm
144 3249 232 3308 luerit
251 3246 349 3306 mundi
373 3247 536 3320 renovatio,
564 3245 635 3322 pibil
660 3265 722 3304 esse
746 3243 874 3316 absurdi,
904 3247 928 3304 si
951 3245 1039 3304 finem
1064 3243 1196 3302 omnibns

61 3325 143 3409 Legis
161 3327 272 3390 umbris
290 3327 468 3406 imposuerit,
487 3323 718 3405 quondoquidem
737 3322 820 3404 Legis
840 3326 1011 3404 perpetuitas
1030 3325 1059 3382 in
1080 3322 1195 3382 Cliristo

60 3405 175 3467 fundata
195 3411 249 3466 eet
288 3403 381 3465 Venio
400 3424 478 3467 nune
497 3405 533 3463 ad
554 3404 709 3464 secundom
730 3403 904 3480 membrum,
934 3399 983 3462 nbi
1005 3401 1194 3482 Petrnsgen·

60 3487 132 3546 tium
150 3487 306 3567 paritatem
325 3485 355 3544 in
375 3483 431 3544 [ide
450 3485 606 3544 constituit.
647 3483 709 3543 Cur
727 3503 785 3543 non
806 3483 887 3555 dicit,
908 3481 1085 3542 Perfectioos
1105 3483 1194 3540 virtu-
1237 3523 1239 3526 -

60 3571 121 3624 turn
148 3573 205 3634 ant
230 3565 307 3625 vitae
335 3563 537 3639 sanctimonia,
565 3565 620 3624 nisi
645 3565 713 3645 quia
738 3563 850 3623 aliunde
876 3562 1036 3622 leominibus
1056 3563 1195 3642 contingit

60 3645 164 3705 institia
188 3662 277 3726 quem
301 3663 339 3704 ex
369 3663 400 3704 se
422 3646 510 3725 ipsis?
538 3662 606 3704 nam
630 3645 654 3704 si
677 3645 902 3722 reeta'insteque
922 3641 1044 3704 virendo
1063 3641 1194 3702 bomines

61 3723 111 3784 sibi
129 3725 268 3785 iustitiam
286 3725 466 3804 acqrrirerent
483 3724 530 3784 vel
550 3731 653 3796 narum
669 3723 766 3784 mundi
787 3728 885 3782 essent
909 3741 1006 3782 coram
1026 3721 1101 3796 Deo,
1125 3740 1193 3780 con·

61 3803 166 3864 rideret
188 3804 260 3866 baec
284 3801 362 3864 Petri
387 3805 534 3864 sententia.
581 3801 633 3863 llis
657 3823 725 3884 ergo
751 3801 844 3862 uerbis
870 3800 963 3882 palem
980 3801 1108 3882 'Spiritus
1127 3819 1193 3880 pro·

60 3885 183 3957 emeat,
214 3890 309 3944 tottam
339 3884 496 3944 homanum
526 3903 615 3963 genus
639 3885 781 3967 pollutum
806 3889 835 3942 et
859 3881 990 3941 sordibus
1014 3881 1191 3960 inquinatum

60 3980 134 4022 esse:
154 3963 266 4038 deinde,
284 3983 344 4024 non
363 3983 447 4044 posse
466 3963 547 4022 aliter
565 3963 688 4042 abstergi
708 3963 806 4022 sordes
826 3979 913 4041 qnam
932 3982 984 4042 per
1005 3960 1111 4019 Christi
1129 3979 1191 4040 gra·

60 4043 136 4104 liam.
175 4039 251 4104 Nem
275 4063 365 4122 quem
386 4042 457 4102 fides
475 4043 632 4104 remedium
655 4045 707 4118 sit,
738 4063 796 4122 qao
826 4041 908 4100 nobie
936 4042 1023 4122 gratis
1052 4041 1192 4098 succurrit

60 4118 153 4196 Dens,
181 4129 243 4184 tam
262 4123 407 4183 communi
426 4123 555 4182 omnium
573 4130 706 4197 naturae,
731 4141 818 4203 quam
836 4121 958 4202 pnopriis
977 4122 1190 4200 cuiusquemea

61 4201 121 4260 ritis
149 4203 312 4282 opponitur.
358 4200 459 4280 Quum
483 4202 547 4262 dico
571 4202 736 4282 pollutionis
761 4201 889 4262 damnari
914 4207 1007 4260 totum
1032 4199 1190 4260 humanum
1251 4237 1253 4244 ·

61 4297 158 4358 genus,
177 4281 313 4363 intelligo,
332 4301 386 4341 nos
405 4300 444 4340 cx
462 4287 544 4342 utero
563 4281 634 4341 nibil
652 4283 754 4342 afferre
767 4287 880 4364 praeter
898 4285 990 4340 meras
1009 4280 1116 4354 sordes,
1135 4297 1190 4338 nee

62 4359 212 4440 pdcqnem
235 4381 299 4424 esse
321 4362 353 4424 in
376 4369 478 4424 natura
496 4367 595 4424 nostru
618 4361 806 4440 rectitudinis,
834 4359 913 4446 quod
936 4379 990 4422 nos
1008 4357 1074 4421 Deo
1094 4358 1187 4419 conci
