2818 4848
484 213 491 220 ·
585 213 712 278 carus
729 211 795 278 xu.
1125 192 1128 204 '
1189 217 1248 280 ass
1316 277 1319 286 ,

203 338 251 402 id
270 337 309 398 m
325 341 378 419 qui
397 332 477 398 otdet
495 353 548 392 sne.
575 329 678 393 Videre
696 333 773 396 istud
791 351 845 414 pro
855 327 1024 412 Cognitioao
1042 330 1152 412 aodpa'
1176 325 1249 391 Nam

120 427 159 480 ut
178 417 372 489 conscientias,
397 429 474 494 qnae
492 411 578 471 variis
603 411 719 474 subinde
743 409 940 504 agitationibus
963 409 1069 490 alioqui
1086 409 1181 470 torem
1200 411 1249 470 ob·

77 537 82 554 .
123 499 238 569 noxiae,
256 495 328 556 bene
348 511 384 553 ao
403 491 519 572 penitus
538 491 716 571 tranquillet,
746 493 781 552 nd
800 491 915 552 Patrem
933 509 988 550 nos
1006 496 1130 548 revocat
1179 489 1252 550 ldeo

122 581 198 638 enim
216 582 293 636 certe
311 579 358 634 est
376 571 517 652 firmaque
534 569 601 630 fidei
620 571 764 648 stabilitas,
783 573 850 653 quia
868 569 976 632 mundo
986 575 1030 629 est
1039 569 1172 650 superior.
1192 567 1249 630 Ubi

119 663 217 752 aqtmn
234 673 306 714 vere
325 651 457 712 Christus
475 652 666 790 coquoscitpq
685 653 715 712 iu
734 651 909 750 eoqelulget
927 647 984 709 Dei
1003 649 1102 729 gloria,
1121 655 1154 708 ut
1171 655 1249 710 certo

89 863 96 880 .
119 731 512 874 ”aaa
550 729 773 890 accat
788 727 1255 905 arcuatum-‚m

120 896 238 1046 iiii
237 900 300 1032 iu
310 889 562 1050 Qdiihirpiii'
572 909 610 1028 d
612 909 651 949 ⁰
666 897 782 1051 ligii
799 897 943 1030 titt
957 886 1171 1048 lidii:
1189 907 1251 1052 ⁰⁰⁰

211 1052 259 1114 aa
277 1053 346 1132 Ego
363 1052 416 1109 la
432 1057 505 1110 omit.
544 1046 613 1126 Quo
633 1049 786 1144 discipulos
806 1069 872 1109 suos
888 989 1022 1108 lior-tiores
1035 1053 1065 1106 et
1078 1048 1167 1128 magis
1182 1053 1251 1107 stre·

130 1149 206 1192 unos
224 1130 329 1204 reddat,
345 1129 439 1210 pmgit
454 1127 548 1188 adhue
566 1129 597 1187 in
616 1129 803 1209 praedicanda
821 1127 888 1188 iidei
907 1126 1084 1188 certitudine.
1105 1126 1255 1224 Acprimo

131 1231 165 1270 se
182 1212 210 1268 in
229 1208 363 1268 mnndum
382 1209 493 1268 venisse
512 1195 641 1286 testatdr,
660 1215 693 1270 ut
711 1208 764 1268 lux
783 1215 864 1284 esset,
884 1204 1251 1288 quaemanturhomrnesa

129 1289 248 1352 tenebris
265 1294 296 1348 et
312 1287 471 1366 erroribus:
490 1293 519 1348 et
537 1287 621 1348 simul
640 1289 770 1370 potiundi
788 1289 860 1348 tanti
878 1287 946 1347 boui
960 1287 1078 1346 modum
1088 1285 1201 1351 ascribit
1210 1285 1251 1346 di·

124 1387 198 1446 oens,
216 1380 250 1429 ut
268 1376 435 1450 quietosque
451 1369 594 1430 creditis
611 1391 658 1429 me
676 1376 729 1430 etc.
762 1366 854 1428 Porro
866 1365 1072 1448 ingratitudinis
1087 1384 1136 1426 eos
1152 1385 1251 1426 omues

121 1448 279 1524 insimulat,
308 1447 361 1528 qui
386 1467 441 1507 suo
466 1445 620 1528 Evangelio
644 1447 737 1508 edocti
757 1467 788 1508 se
805 1445 841 1507 ab
860 1447 1013 1508 incredulis
1031 1463 1091 1506 uon
1107 1452 1251 1528 separant.
1281 1489 1284 1496 a

119 1526 196 1589 Nam
214 1547 274 1610 qno
293 1527 485 1608 praestantius
504 1533 548 1588 cst
565 1526 622 1587 boc
640 1527 756 1604 bonum,
776 1545 793 1587 a
811 1527 933 1588 tenebris
948 1527 1045 1588 vocari
1058 1525 1088 1584 iu
1102 1525 1251 1600 lucem,eo

121 1611 216 1670 minus
234 1607 427 1667 messueris
446 1605 558 1680 babenb
579 1607 628 1687 qui
647 1606 741 1668 lucem
758 1608 788 1666 in
808 1623 840 1666 se
858 1625 1004 1667 accensam
1021 1605 1251 1686 ignaviasnavel

121 1689 265 1769 neglectu·
280 1685 429 1746 mtiocant
473 1684 596 1747 utulmm
620 1687 752 1768 ponderis
765 1687 839 1756 inest
856 1685 901 1746 his
926 1687 1033 1760 verbis,
1061 1693 1126 1746 oeni
1145 1689 1199 1746 lats
1217 1694 1251 1746 ia

122 1769 275 1828 munden.
312 1762 388 1824 Nam
406 1765 460 1826 eui
479 1764 515 1824 ab
534 1765 614 1846 initio
633 1767 686 1826 lux
704 1765 758 1826 fnit
777 1764 921 1844 Christus,
945 1787 1004 1826 nau
1027 1771 1124 1826 tamen
1146 1765 1250 1826 frustra

125 1845 186 1906 hoc
208 1865 241 1908 sc
264 1844 346 1905 titulo
368 1845 500 1924 insignit,
518 1845 608 1926 'quod
631 1847 741 1906 venerit
764 1845 801 1905 ad
824 1847 1024 1927 praestandum
1047 1845 1118 1904 lueis
1137 1862 1250 1904 munus.

129 1926 228 2007 Atque
245 1932 279 1984 nt
296 1923 447 1984 habeamus
466 1925 569 2006 gradus
589 1924 743 1996 deductos,
762 1925 823 1986 aliis
842 1945 873 1986 se
891 1925 986 1986 lucem
999 1924 1254 2003 essemagindocet

127 2003 439 2146 thama„
451 2001 1138 2144 alseaucalmutahmlllu
1157 2004 1251 2140 ab

124 2165 244 2225 versalia
262 2163 402 2244 particula
421 2164 553 2224 consulto
573 2126 668 2225 addita
686 2105 748 2223 desa
762 2106 886 2239 videtur}
903 2164 1006 2243 partim
1021 2153 1055 2222 ut
1067 2160 1251 2224 cunctisfide·

123 2245 198 2304 libna
217 2245 278 2303 sine
297 2243 465 2323 exceptione
484 2241 591 2304 bouum
609 2243 666 2305 hoc
685 2243 971 2304 commonefaceret:
990 2242 1094 2324 partim
1113 2247 1147 2300 ut
1164 2241 1251 2300 incre-

123 2324 209 2384 dulos
229 2323 399 2398 ostenderet
418 2323 483 2383 ideo
502 2325 596 2403 perire
614 2325 645 2383 in
663 2321 796 2398 tenebris,
816 2325 883 2404 quia
901 2330 1002 2418 sponte
1021 2324 1115 2382 lucem
1132 2319 1254 2400 sugium·

124 2403 188 2462 lam
207 2405 232 2461 si
249 2404 280 2461 in
297 2421 388 2460 unum
406 2411 589 2464 coacervem
606 2409 667 2463 tote
686 2402 785 2463 mundi
804 2405 949 2484 sapientia,
963 2423 999 2462 nc
1009 2402 1128 2462 scintilla
1138 2399 1252 2480 quidem

128 2501 216 2543 verae
233 2482 305 2540 lueis
323 2483 353 2540 iu
371 2481 419 2540 illa
438 2485 568 2564 congerie
588 2483 757 2564 reperietur:
777 2483 827 2543 sed
846 2483 941 2565 potius
961 2484 1013 2542 erit
1026 2479 1255 2555 iniormechaoa,

131 2561 245 2643 qnando
265 2562 346 2620 nnius
366 2559 471 2622 Christi
489 2563 638 2645 proprium
657 2569 713 2638 est,
732 2581 785 2626 nos
805 2581 822 2622 a
841 2563 963 2624 tenebris
982 2562 1108 2623 liberare.

212 2701 268 2777 47.
289 2706 379 2777 Etsi
401 2708 474 2800 quis
495 2708 626 2778 audierit
646 2711 741 2780 verba
762 2734 847 2792 mea,
869 2733 972 2802 neque
995 2701 1170 2792 crediderit,
1191 2733 1252 2802 ego

124 2839 190 2884 non
212 2814 317 2884 iudico
340 2837 429 2884 eum:
451 2837 517 2883 non
540 2814 625 2884 enim
646 2817 729 2902 veni,
749 2829 787 2887 ut
806 2817 942 2886 iudicem
958 2817 1122 2900 mundum,
1144 2819 1200 2884 sed
1216 2827 1252 2884 ut

124 2946 250 2992 servem
272 2921 441 2990 mundum.
498 2915 552 2991 48.
586 2923 650 3009 Qui
670 2924 768 3002 reiicit
788 2909 854 3008 me,
887 2935 920 2993 et
938 2947 1005 2992 nou
1027 2924 1138 3015 accipit
1157 2923 1253 2992 verba
1357 2923 1360 2936 '

124 3051 212 3111 mea,
243 3027 341 3095 habet
360 3027 416 3119 qui
441 3027 547 3120 ipsum
568 3029 695 3098 iudicet:
728 3053 847 3113 sermo,
880 3053 976 3121 quem
998 3030 1150 3120 loquutus
1171 3053 1253 3122 spru,

127 3134 182 3202 ille
202 3132 352 3200 iudicabit
372 3157 445 3202 enm
466 3134 500 3202 in
522 3135 696 3214 novissimo
718 3135 778 3204 die.
812 3129 866 3202 49.
889 3135 969 3220 Quia
993 3159 1051 3228 ego
1073 3161 1091 3202 a
1113 3157 1166 3201 me
1181 3135 1251 3226 ipsa
1357 3226 1360 3234 μ

132 3261 200 3306 non
220 3237 372 3327 loquutus
392 3263 475 3308 sume
497 3241 565 3319 (sed
588 3243 643 3334 qui
663 3267 716 3330 rue
738 3240 823 3310 misit
843 3239 950 3322 Pater,
983 3241 1049 3331 ipsc
1070 3241 1148 3308 mihi
1169 3263 1254 3308 man·
1321 3287 1327 3298 ·

131 3345 241 3413 datum
264 3343 364 3428 dedit,
385 3345 456 3436 quid
479 3345 596 3432 dicam,
617 3359 649 3416 et
671 3348 747 3440 quid
767 3347 887 3438 loquar.
921 3347 974 3414 50.
996 3346 1037 3413 Et
1058 3346 1144 3429 novi,
1166 3348 1271 3438 quod‘

128 3443 316 3520 mandatum
338 3451 403 3520 eius
423 3453 486 3520 vita
509 3464 634 3526 aetmna
656 3453 712 3520 sits
747 3476 827 3546 quae
848 3453 953 3544 itaque
975 3475 1034 3544 ego
1055 3452 1185 3544 loquor,
1218 3451 1256 3519 si·

130 3558 190 3629 cuti
210 3555 292 3628 mihi
315 3557 392 3626 dixit
412 3557 519 3642 Pater,
540 3560 582 3628 ita
603 3559 727 3652 loquor.
1211 3609 1215 3616 .

207 3677 256 3739 47.
291 3681 327 3738 Si
346 3686 414 3759 quis
431 3679 661 3740 medienit-uerbu
680 3701 752 3738 men.
792 3675 947 3757 Postquam
966 3677 1002 3739 de
1022 3677 1110 3760 gratia
1130 3693 1181 3737 sua
1200 3675 1256 3738 dis·

134 3757 218 3816 seruit
235 3754 363 3836 suosque
379 3756 509 3818 hortatus
529 3764 573 3818 est
591 3759 627 3818 ad
646 3758 712 3818 iudei
731 3760 930 3832 constantiam,
949 3779 1026 3818 nunc
1044 3775 1171 3838 pungam
1188 3759 1254 3818 inei·

134 3837 175 3916 pit
193 3835 318 3896 rebelles.
359 3833 533 3917 Quanquam
551 3838 599 3898 hic
618 3858 732 3919 quoque
751 3839 930 3900 severitatem
949 3840 1008 3900 miti
1028 3846 1071 3910 εἰ,
1096 3857 1152 3918 qua
1171 3837 1255 3922 digna

132 3921 177 3974 est
194 3933 292 3975 eorum
310 3917 457 3996 inpietas,
482 3918 532 3996 qui
555 3917 643 3979 veluti
662 3938 698 3978 ex
719 3920 804 3978 animi
828 3919 974 4000 proposito
1028 3924 1094 3978 edm
1117 3919 1255 3982 reddunt.

129 3993 268 4054 ludicinm
287 3996 365 4055 ohim
386 3995 421 4056 do
441 3995 484 4054 bis
503 3997 577 4057 ferre
596 3997 768 4079 supersedet,
788 3999 854 4078 quia
869 3999 962 4079 potius
971 3999 1118 4059 amaritia
1128 4003 1256 4061 omnium
1345 4039 1347 4051 ι

128 4075 258 4134 salntem.
310 4071 409 4135 Primo
435 4076 499 4136 loco
511 4078 671 4154 tenendum
689 4085 746 4153 est,
774 4081 783 4138 i
805 4099 869 4138 sum
889 4077 935 4138 hic
954 4099 1011 4139 non
1031 4079 1066 4138 de
1085 4081 1257 4160 quibuslibet
1297 4113 1298 4116 ¹

125 4154 284 4214 incredulis
302 4154 399 4234 loqui,
418 4156 469 4216 sed
488 4159 538 4238 qui
557 4160 675 4218 scientes
694 4165 725 4218 et
743 4099 873 4218 rodentes
883 4157 1038 4220 doctrinam
1047 4157 1194 4242 Evangelii
1202 4159 1255 4222 sibi

126 4241 322 4294 monstratam
351 4237 489 4294 reiieirmt.
537 4235 599 4298 Cur
622 4258 689 4319 crgo
712 4237 846 4298 damnare
870 4257 920 4300 eos
944 4239 1074 4302 Christus
1098 4261 1157 4300 uon
1177 4239 1257 4300 vult?

127 4311 242 4394 Nempe
262 4313 312 4372 hic
331 4313 460 4394 deposita
479 4316 515 4377 ed
533 4325 646 4398 tempus
665 4317 765 4378 iudicis
774 4337 904 4399 persons,
922 4339 981 4400 quo
990 4321 1055 4400 plus
1063 4321 1149 4380 animi
1159 4333 1273 4378 omnes.

14 4433 25 4453 .
127 4392 257 4455 habeant
275 4389 313 4453 ad
331 4394 562 4476 resipiscentiam,
582 4398 699 4460 salutum
718 4400 878 4478 promiscue
895 4401 1026 4462 omnibus
1046 4399 1130 4460 offert
1148 4403 1177 4456 et
1195 4395 1272 4496 δτι.
1328 4437 1332 4455 .
