2838 4848
119 163 132 190 ’
193 231 250 295 nn
322 181 325 190 ‘
399 243 404 248 ·
582 231 783 297 manresa.
802 229 935 296 rosas.

99 417 104 426 ι
191 347 325 408 inducero
346 361 437 426 pravo
459 353 490 407 et
511 347 616 408 iniusto
641 347 722 426 odio,
748 368 809 410 non
832 355 928 410 tamen
955 347 1083 429 amatur
1110 357 1191 414 reete
1219 355 1323 416 iecisse
1416 341 1417 428 i

192 426 348 500 Christum,
367 425 391 484 si
410 426 479 506 qaid
496 425 699 510 praeterlegis
716 429 922 510 praescriptum
940 429 1101 490 commissit
1132 429 1177 492 Ne
1219 439 1324 497 eenim

192 505 228 566 ab
247 504 344 564 aliems
362 506 485 586 peccatis
503 509 625 588 petenda
643 515 688 569 est
706 508 807 590 culpae
829 513 944 569 nostrae
966 507 1086 569 levatio:
1114 513 1166 572 sed
1212 514 1324 576 hristus
1416 501 1417 574 ζ

192 585 250 646 duo
269 583 397 646 membra
414 584 461 646 bic
479 589 632 668 coniungit.
670 585 770 648 Priore
788 587 941 670 compellat
963 585 1088 649 hostium
1112 611 1230 654 suoram
1251 614 1324 654 con·

85 723 92 732 ,
192 664 331 739 scientias,
349 671 380 726 et
398 685 486 745 mum
506 685 537 727 se
555 665 638 748 Legis
656 674 793 748 patronos
811 665 932 806 superba
950 667 1098 744 ianiarent,
1115 671 1225 733 lamam
1243 672 1325 734 hanc

192 745 261 826 ipsis
284 743 419 804 detrabitr
448 763 516 804 nam
540 746 694 828 exprobrat
717 746 795 828 qnod
817 748 870 807 sii
893 748 1060 829 permittant
1083 749 1190 812 violare
1212 751 1326 834 Legem

193 823 306 905 quoties
324 823 404 897 libet,
422 824 520 904 itaque
538 823 643 906 legem
661 827 716 886 illis
735 847 794 886 non
813 845 875 887 csse
894 847 986 889 curae
1017 825 1131 890 Deinde
1149 829 1186 890 ad
1205 851 1324 892 reusam

192 905 284 985 ipsam
302 903 451 977 descendit,
471 906 553 964 sicuti
571 925 641 966 mox
658 905 829 965 ridebimus:
848 907 889 966 sic
903 913 1017 966 constat
1031 909 1325 990 mispartibusplena

193 991 223 1044 et
241 982 329 1043 solida
348 983 482 1043 defensio.
520 981 597 1068 Ergo
616 984 701 1044 huius
719 985 839 1046 membri
857 1005 969 1047 somma
988 993 1041 1062 est,
1061 985 1182 1049 Nullum
1196 1009 1259 1050 esse
1268 989 1321 1051 Le·

194 1063 236 1144 gis
255 1061 349 1122 zelum
365 1063 397 1121 in
415 1063 476 1122 das
495 1063 747 1146 contemptoribus.
785 1064 868 1126 Unde
886 1065 973 1126 infert
987 1066 1119 1126 Christus
1138 1069 1252 1130 aliunde
1270 1072 1321 1130 im-

214 1143 261 1202 elli
277 1141 397 1202 ludaeos
416 1142 454 1200 ad
470 1148 578 1203 taniam
596 1143 716 1219 rabiem,
741 1143 810 1204 dum
828 1145 923 1226 ipsum
941 1144 1097 1206 interficere
1121 1149 1250 1228 cupiant.
1288 1149 1323 1209 ln

192 1164 270 1281 lunc
287 1221 405 1281 modam
424 1222 591 1284 extrahendi
609 1230 675 1284 snnt
693 1224 773 1306 impii
791 1243 830 1286 cx
852 1225 912 1284 suis
934 1223 1062 1300 latebris,
1091 1229 1205 1306 quoties
1224 1226 1324 1287 Deum

193 1307 223 1361 et
241 1319 338 1361 sanam
357 1301 515 1366 doctrinam
534 1319 612 1384 oppu
650 1310 729 1364 antes
752 1303 802 1384 pio
826 1322 858 1363 se
875 1303 933 1364 hoc
952 1303 1056 1364 affectu
1073 1321 1157 1384 agere
1176 1307 1321 1366 simulant.

193 1378 254 1458 Qui
272 1379 356 1440 hodic
375 1381 504 1442 acerrimi
523 1389 591 1442 snat
631 1383 751 1463 rangelii
769 1383 865 1443 hostes
884 1384 1056 1462 etlmaximc
1074 1385 1179 1444 strenui
1193 1385 1323 1446 vindices

192 1459 235 1521 Pa
256 1467 327 1533 atus,
345 1459 416 1519 nibil
435 1460 540 1521 habent
558 1463 595 1522 ad
613 1462 740 1522 savorem
758 1463 848 1543 magis
871 1462 1034 1543 plausibile,
1062 1481 1149 1544 qoam
1167 1464 1247 1544 quod
1266 1465 1324 1526 aeli

245 1558 294 1599 ore
313 1540 473 1604 incitantur.
514 1540 665 1602 Caeterum
683 1543 708 1602 si
727 1543 889 1602 excutiatur
906 1561 1006 1602 eornm
1025 1542 1092 1616 vita,
1113 1562 1212 1603 omncs
1231 1545 1323 1626 turpi·
1416 1595 1417 1604 ,

192 1618 247 1680 bus
266 1619 377 1700 flagitiis
397 1621 489 1700 operti
507 1621 603 1701 palam
621 1619 687 1680 Deo
705 1621 838 1680 illudant.
859 1618 933 1699 Quis
952 1622 982 1682 in
991 1619 1089 1702 Papae
1106 1623 1185 1682 caria
1194 1641 1324 1684 crassum

192 1695 418 1780 Epicureismmn
437 1715 555 1781 regnare
573 1701 682 1761 nescit?
700 1701 748 1761 An
766 1701 807 1760 ita
826 1700 987 1762 verecunde
1006 1699 1171 1778 ioeditatem
1190 1709 1324 1762 enarrate·
1416 1729 1417 1732 ¹

192 1777 1324 1940 sciEmi,‘tmttrstimttsttemmm*itt.

191 1937 315 2012 bidines,
343 1939 505 2013 avaritiam,
532 1945 562 1998 et
584 1941 700 2020 qnaeris
729 1939 868 1998 scelerm
891 1946 1020 1998 monstra
1041 1940 1160 2019 proiedi
1179 1901 1260 2016 erint,
1287 1928 1329 2000 ut'

191 2019 252 2077 rita
270 2025 371 2078 eornm
389 2016 446 2078 Dei
485 2039 581 2078 rorans
600 2037 663 2078 esse
682 2017 786 2078 oblitos
805 2018 949 2078 clamitet?
977 2016 1061 2078 Nunc
1079 2037 1150 2090 vero
1170 2039 1261 2098 qaum
1279 2020 1324 2078 ni-

92 2092 93 2098 ’
191 2095 235 2157 bil
254 2097 437 2181 eospudeat,
456 2039 512 2157 Dei
531 2103 561 2158 et
579 2095 723 2160 Ecclesiae
741 2098 804 2160 zelo
823 2117 855 2160 sa
873 2097 1029 2174 venditare,
1048 2117 1145 2160 annon
1163 2096 1221 2159 hoe
1240 2097 1328 2160 chri·-

190 2178 228 2240 sti
245 2193 383 2260 responso
398 2177 533 2240 amanti
545 2179 631 2238 santi

279 2313 334 2394 20ss
354 2322 532 2416 Respondit
551 2324 658 2409 turba,
690 2334 724 2394 et
744 2322 838 2408 dixit,
868 2321 1081 2393 Daemonium
1102 2319 1214 2409 babes,
1245 2323 1324 2416 quis

190 2439 225 2500 te
252 2429 375 2522 quaerit
399 2419 595 2500 interficeret
648 2432 703 2499 21.
735 2427 913 2522 Respbndit
939 2427 1042 2512 lesus,
1073 2440 1107 2498 et
1131 2429 1213 2498 dixit
1242 2429 1324 2500 illisa

74 2632 77 2640 p
191 2533 303 2604 Unum
325 2558 407 2628 opus
429 2535 502 2604 leci:
533 2548 567 2605 et
589 2558 701 2606 omnes
723 2536 888 2606 miramini.
942 2535 1324 2630 improperatione

192 2639 279 2709 dedit
300 2641 391 2709 vobis
412 2641 695 2726 circumcisionem,
726 2665 794 2710 non
816 2643 903 2734 quod
930 2665 973 2712 ex
998 2640 1091 2710 Mose
1113 2642 1170 2727 sit,
1202 2643 1259 2712 sed
1280 2666 1323 2714 cx
1416 2657 1417 2690 ³

192 2745 351 2832 Patribus,
382 2757 416 2815 et
441 2747 569 2815 sabbato
592 2747 809 2818 circumciditis
829 2747 1004 2817 hominem.
1047 2747 1103 2818 23.
1137 2748 1174 2816 Si
1195 2749 1324 2818 circurn-

192 2853 345 2923 cisionem
373 2851 484 2944 accipit
507 2853 608 2923 homo
634 2855 780 2938 sabbato,
811 2864 938 2922 utnon
966 2853 1108 2950 salvatam
1132 2851 1187 2924 lex
1212 2853 1325 2940 blosis,

192 2959 271 3027 mihi
292 2958 475 3044 irascimini,
502 2961 589 3051 quod
609 2970 713 3029 totum
734 2959 899 3028 hominem
924 2982 1037 3028 sanum
1063 2960 1191 3028 fecerim
1217 2961 1324 3028 sabba·

192 3065 248 3133 to?
290 3059 344 3134 24.
366 3063 417 3134 Ne
437 3065 578 3135 iudicetis
599 3066 775 3137 secundnm
800 3075 979 3161 aspectum,
1010 3059 1077 3135 sed'
1096 3075 1218 3135 rectum
1246 3065 1324 3134 iudi·

192 3170 278 3240 cium
299 3170 442 3240 iudicate.

272 3291 321 3352 to.
361 3292 558 3352 Daemonium
575 3290 669 3352 lobes.
706 3288 829 3354 Perinde
847 3291 924 3370 valet
941 3289 1000 3351 acsi
1019 3289 1165 3362 dixissent
1184 3288 1229 3350 Tu
1248 3291 1323 3350 insa-

192 3369 252 3432 niat
271 3369 326 3430 init
344 3371 421 3432 enim
439 3371 505 3430 trita
523 3371 597 3432 inter
614 3371 733 3433 ludaeos
752 3372 891 3454 loquutio,
911 3371 1009 3451 quiin
1029 3369 1221 3429 hacdoctrina
1240 3387 1322 3429 exer·-

193 3449 271 3512 oitati
294 3457 388 3524 erant,
417 3450 543 3514 inscctari
566 3470 584 3512 a
609 3451 720 3512 diabolo
744 3451 873 3512 homines
897 3450 1023 3509 damin
1044 3449 1169 3508 furorem
1188 3454 1321 3527 agimtur,

192 3529 241 3592 vel
260 3529 328 3590 dam
346 3531 402 3590 illis
421 3549 502 3590 meos
520 3537 550 3591 et
566 3533 640 3591 ratio
659 3531 790 3611 adempta
809 3536 860 3590 est
889 3527 928 3590 ldt
946 3547 1014 3589 sane
1032 3528 1113 3588 sicuti
1127 3527 1204 3586 lenes
1217 3534 1249 3586 et
1259 3547 1322 3586 mo·

193 3607 307 3670 deratae
325 3610 521 3691 castigationes
539 3609 672 3692 paternae
691 3618 759 3670 sunt
766 3609 822 3670 Dei
840 3609 958 3683 ferulae,
976 3609 1016 3668 ita
1033 3605 1187 3666 nbidurios
1201 3611 1322 3666 etsera-

193 3690 253 3749 rius
271 3709 325 3749 noa
344 3695 455 3764 tractat,
474 3709 533 3748 non
553 3689 666 3748 videtur
683 3709 771 3748 manu
790 3707 841 3748 sua
860 3708 914 3748 nos
933 3692 1089 3770 percutere,
1103 3685 1154 3744 aed
1164 3685 1321 3766 potinsad·

193 3765 291 3827 hibere
310 3768 453 3829 diabolum
472 3767 631 3828 carnificem
650 3774 680 3828 et
697 3769 757 3827 irae
775 3785 842 3827 suae
860 3769 1030 3827 ministrum.
1069 3763 1222 3824 Caeterum
1237 3763 1322 3825 turba

194 3845 248 3904 sim
268 3847 315 3906 lici
334 3849 428 3907 animo
449 3847 595 3908 Christum
614 3846 756 3928 obiurgatr
775 3848 964 3926 nequeenim
982 3845 1070 3926 vulgo
1088 3851 1158 3904 nota
1176 3851 1260 3904 erant
1277 3862 1322 3903 sa·

263 3931 343 3984 otum
362 3927 486 3986 consilia.
525 3925 614 3986 stulti
632 3945 699 4007 ergo
718 3927 766 3985 isti
784 3925 912 3988 homines
931 3926 1057 3987 insamae
1075 3923 1218 3998 tribuant,
1243 3922 1321 4002 qood

73 4044 74 4052 η
195 4021 227 4063 se
246 4002 377 4064 Christus
396 4005 433 4064 ad
451 4011 573 4066 modam
593 4007 700 4102 captari
718 4007 910 4086 conqueritur.
955 4004 1031 4102 Hinc
1050 4005 1185 4101 docemur
1203 4003 1321 4098 sollicite

195 4083 353 4144 cavendnm
371 4103 442 4159 esse,
461 4105 498 4145 ne
517 4091 682 4164 mumadam
700 4085 823 4147 ieramus
842 4085 878 4146 de
896 4084 983 4146 rebrn
1001 4091 1164 4164 mcogmtts:
1184 4101 1281 4143 rernm
1296 4101 1322 4141 sa

195 4163 310 4242 quando
330 4163 365 4224 ab
384 4165 520 4246 imperitis
537 4181 591 4226 nos
609 4172 716 4261 temere
735 4167 873 4266 elasrnrrari⁸
882 4165 1036 4245 contingat,
1055 4165 1196 4246 patienter
1215 4159 1322 4222 Christi

133 4393 134 4400 p
195 4243 328 4385 milo
347 4243 1031 4407 ὼῦἓῗῗῇὲὲᾚῇοωβῖὥὼ
1049 4321 1135 4384 iussis
1154 4320 1190 4382 de
1208 4340 1242 4382 re
1260 4319 1322 4402 ipsa

195 4405 317 4464 namra
334 4403 442 4485 incipit
480 4401 664 4468 Demonstrat
681 4408 757 4467 enim
775 4405 981 4466 minimatum
1004 4401 1081 4484 lego
1104 4399 1162 4463 Dei
1185 4419 1323 4484 pugnare,
1416 4471 1417 4480 ἵ
