<?xml version="1.0" encoding="UTF-8"?>
<!DOCTYPE html PUBLIC "-//W3C//DTD XHTML 1.0 Transitional//EN"
    "http://www.w3.org/TR/xhtml1/DTD/xhtml1-transitional.dtd">
<html xmlns="http://www.w3.org/1999/xhtml" xml:lang="en" lang="en">
 <head>
  <title>
</title>
<meta http-equiv="Content-Type" content="text/html;charset=utf-8" />
  <meta name='ocr-system' content='tesseract 3.04.00' />
  <meta name='ocr-capabilities' content='ocr_page ocr_carea ocr_par ocr_line ocrx_word'/>
</head>
<body>
  <div class='ocr_page' id='page_1' title='image "./innovumtestamen00tholgoog_0832.png"; bbox 0 0 2700 4844; ppageno 0'>
   <div class='ocr_carea' id='block_1_1' title="bbox 462 183 1157 259">
    <p class='ocr_par' dir='ltr' id='par_1_1' title="bbox 462 183 1157 259">
     <span class='ocr_line' id='line_1_1' title="bbox 462 183 1157 259; baseline 0.014 -10"><span class='ocrx_word' id='word_1_1' title='bbox 462 183 593 250; x_wconf 74' lang='lat' dir='ltr'>csPtJt</span> <span class='ocrx_word' id='word_1_2' title='bbox 611 183 710 250; x_wconf 81' lang='lat' dir='ltr'>xxti.</span> <span class='ocrx_word' id='word_1_3' title='bbox 1096 195 1157 259; x_wconf 74' lang='lat'>419</span> 
     </span>
    </p>
   </div>
   <div class='ocr_carea' id='block_1_2' title="bbox 32 301 1231 2520">
    <p class='ocr_par' dir='ltr' id='par_1_2' title="bbox 32 301 1231 2520">
     <span class='ocr_line' id='line_1_2' title="bbox 35 301 1156 390; baseline 0.004 -25"><span class='ocrx_word' id='word_1_4' title='bbox 35 311 169 380; x_wconf 80' lang='lat' dir='ltr'>numerat,</span> <span class='ocrx_word' id='word_1_5' title='bbox 198 307 229 366; x_wconf 85' lang='lat' dir='ltr'>el</span> <span class='ocrx_word' id='word_1_6' title='bbox 254 319 354 364; x_wconf 78' lang='lat' dir='ltr'>munes</span> <span class='ocrx_word' id='word_1_7' title='bbox 378 301 447 364; x_wconf 76' lang='lat' dir='ltr'>didit</span> <span class='ocrx_word' id='word_1_8' title='bbox 469 303 559 364; x_wconf 66' lang='lat' dir='ltr'>lubae</span> <span class='ocrx_word' id='word_1_9' title='bbox 577 301 809 380; x_wconf 73' lang='lat' dir='ltr'>simrios‚=elism</span> <span class='ocrx_word' id='word_1_10' title='bbox 828 304 1048 382; x_wconf 78' lang='lat' dir='ltr'>ialud&#39;auuedil‚</span> <span class='ocrx_word' id='word_1_11' title='bbox 1076 310 1156 390; x_wconf 89' lang='lat' dir='ltr'>quod</span> 
     </span>
     <span class='ocr_line' id='line_1_3' title="bbox 35 382 1157 466; baseline 0.002 -18"><span class='ocrx_word' id='word_1_12' title='bbox 35 388 83 448; x_wconf 90' lang='lat' dir='ltr'>sub</span> <span class='ocrx_word' id='word_1_13' title='bbox 100 383 197 446; x_wconf 80' lang='lat' dir='ltr'>&#39;liberii</span> <span class='ocrx_word' id='word_1_14' title='bbox 215 383 263 444; x_wconf 80' lang='lat' dir='ltr'>rel</span> <span class='ocrx_word' id='word_1_15' title='bbox 282 385 368 444; x_wconf 79' lang='lat' dir='ltr'>etism</span> <span class='ocrx_word' id='word_1_16' title='bbox 387 383 512 463; x_wconf 78' lang='lat' dir='ltr'>Augusti</span> <span class='ocrx_word' id='word_1_17' title='bbox 529 382 660 445; x_wconf 82' lang='lat' dir='ltr'>Caesaris</span> <span class='ocrx_word' id='word_1_18' title='bbox 679 385 799 466; x_wconf 86' lang='lat' dir='ltr'>imperio</span> <span class='ocrx_word' id='word_1_19' title='bbox 818 385 975 462; x_wconf 75' lang='lat' dir='ltr'>lectionem</span> <span class='ocrx_word' id='word_1_20' title='bbox 995 387 1074 448; x_wconf 86' lang='lat' dir='ltr'>illem</span> <span class='ocrx_word' id='word_1_21' title='bbox 1089 407 1157 450; x_wconf 77' lang='lat' dir='ltr'>mu-</span> 
     </span>
     <span class='ocr_line' id='line_1_4' title="bbox 33 461 1158 548; baseline 0.002 -21"><span class='ocrx_word' id='word_1_22' title='bbox 33 468 159 527; x_wconf 83' lang='lat' dir='ltr'>oitarerat</span> <span class='ocrx_word' id='word_1_23' title='bbox 166 461 308 537; x_wconf 85' lang='lat' dir='ltr'>Theudae,</span> <span class='ocrx_word' id='word_1_24' title='bbox 327 464 408 522; x_wconf 88' lang='lat' dir='ltr'>ouius</span> <span class='ocrx_word' id='word_1_25' title='bbox 423 469 533 524; x_wconf 86' lang='lat' dir='ltr'>tantum</span> <span class='ocrx_word' id='word_1_26' title='bbox 548 463 673 526; x_wconf 86' lang='lat' dir='ltr'>restabat</span> <span class='ocrx_word' id='word_1_27' title='bbox 681 463 820 526; x_wconf 81' lang='lat' dir='ltr'>obscurus</span> <span class='ocrx_word' id='word_1_28' title='bbox 834 485 943 543; x_wconf 82' lang='lat' dir='ltr'>mmor,</span> <span class='ocrx_word' id='word_1_29' title='bbox 962 467 1029 548; x_wconf 89' lang='lat' dir='ltr'>quia</span> <span class='ocrx_word' id='word_1_30' title='bbox 1038 485 1070 527; x_wconf 80' lang='lat' dir='ltr'>re</span> <span class='ocrx_word' id='word_1_31' title='bbox 1126 475 1158 530; x_wconf 86' lang='lat' dir='ltr'>te</span> 
     </span>
     <span class='ocr_line' id='line_1_5' title="bbox 32 542 1157 609; baseline 0.003 -3"><span class='ocrx_word' id='word_1_32' title='bbox 32 545 146 606; x_wconf 86' lang='lat' dir='ltr'>immissa</span> <span class='ocrx_word' id='word_1_33' title='bbox 227 543 298 602; x_wconf 86' lang='lat' dir='ltr'>&#39;um</span> <span class='ocrx_word' id='word_1_34' title='bbox 325 549 421 603; x_wconf 87' lang='lat' dir='ltr'>turma</span> <span class='ocrx_word' id='word_1_35' title='bbox 450 542 542 604; x_wconf 88' lang='lat' dir='ltr'>deleta</span> <span class='ocrx_word' id='word_1_36' title='bbox 565 543 666 605; x_wconf 80' lang='lat' dir='ltr'>luerat</span> <span class='ocrx_word' id='word_1_37' title='bbox 712 543 804 606; x_wconf 73' lang='lat' dir='ltr'>tneo</span> <span class='ocrx_word' id='word_1_38' title='bbox 828 551 924 608; x_wconf 70' lang='lat' dir='ltr'>umen</span> <span class='ocrx_word' id='word_1_39' title='bbox 948 546 1019 608; x_wconf 89' lang='lat' dir='ltr'>mibi</span> <span class='ocrx_word' id='word_1_40' title='bbox 1042 549 1072 608; x_wconf 82' lang='lat' dir='ltr'>vi</span> <span class='ocrx_word' id='word_1_41' title='bbox 1091 554 1157 609; x_wconf 83' lang='lat' dir='ltr'>etur</span> 
     </span>
     <span class='ocr_line' id='line_1_6' title="bbox 32 619 1157 760; baseline 0.002 -75"><span class='ocrx_word' id='word_1_42' title='bbox 32 624 187 685; x_wconf 79' lang='lat' dir='ltr'>ballueimri</span> <span class='ocrx_word' id='word_1_43' title='bbox 219 619 359 704; x_wconf 86' lang='lat' dir='ltr'>osepbus‚</span> <span class='ocrx_word' id='word_1_44' title='bbox 383 621 462 760; x_wconf 77' lang='lat' dir='ltr'>quod</span> <span class='ocrx_word' id='word_1_45' title='bbox 481 621 621 703; x_wconf 67' lang='lat' dir='ltr'>(turpium</span> <span class='ocrx_word' id='word_1_46' title='bbox 641 622 750 686; x_wconf 74' lang='lat' dir='ltr'>sadum</span> <span class='ocrx_word' id='word_1_47' title='bbox 774 625 855 705; x_wconf 77' lang='lat' dir='ltr'>prius</span> <span class='ocrx_word' id='word_1_48' title='bbox 878 623 1112 696; x_wconf 77' lang='lat' dir='ltr'>miertmissum</span> <span class='ocrx_word' id='word_1_49' title='bbox 1138 645 1157 688; x_wconf 87' lang='lat' dir='ltr'>a</span> 
     </span>
     <span class='ocr_line' id='line_1_7' title="bbox 32 699 1158 786; baseline 0.004 -22"><span class='ocrx_word' id='word_1_50' title='bbox 32 703 157 784; x_wconf 77' lang='lat' dir='ltr'>Claudio,</span> <span class='ocrx_word' id='word_1_51' title='bbox 182 701 284 764; x_wconf 71' lang='lat' dir='ltr'>ddnde</span> <span class='ocrx_word' id='word_1_52' title='bbox 302 699 384 762; x_wconf 77' lang='lat' dir='ltr'>&#39;l&#39;beu</span> <span class='ocrx_word' id='word_1_53' title='bbox 404 719 452 762; x_wconf 90' lang='lat' dir='ltr'>am</span> <span class='ocrx_word' id='word_1_54' title='bbox 476 701 641 780; x_wconf 88' lang='lat' dir='ltr'>abeodem</span> <span class='ocrx_word' id='word_1_55' title='bbox 664 721 833 786; x_wconf 79' lang='lat' dir='ltr'>oppressum</span> <span class='ocrx_word' id='word_1_56' title='bbox 857 705 949 782; x_wconf 85' lang='lat' dir='ltr'>addit,</span> <span class='ocrx_word' id='word_1_57' title='bbox 1014 725 1064 767; x_wconf 90' lang='lat' dir='ltr'>nm</span> <span class='ocrx_word' id='word_1_58' title='bbox 1089 713 1158 768; x_wconf 88' lang='lat' dir='ltr'>aute</span> 
     </span>
     <span class='ocr_line' id='line_1_8' title="bbox 32 779 1156 866; baseline 0.003 -22"><span class='ocrx_word' id='word_1_59' title='bbox 32 783 201 856; x_wconf 75' lang='lat' dir='ltr'><strong>ostenderim,</strong></span> <span class='ocrx_word' id='word_1_60' title='bbox 220 779 342 842; x_wconf 77' lang='lat' dir='ltr'>Claudio</span> <span class='ocrx_word' id='word_1_61' title='bbox 361 780 455 842; x_wconf 84' lang='lat' dir='ltr'>adbuo</span> <span class='ocrx_word' id='word_1_62' title='bbox 473 782 586 863; x_wconf 86' lang='lat' dir='ltr'>privato</span> <span class='ocrx_word' id='word_1_63' title='bbox 605 789 716 844; x_wconf 89' lang='lat' dir='ltr'>motum</span> <span class='ocrx_word' id='word_1_64' title='bbox 735 783 816 844; x_wconf 89' lang='lat' dir='ltr'>illum</span> <span class='ocrx_word' id='word_1_65' title='bbox 835 785 961 866; x_wconf 79' lang='lat' dir='ltr'><strong>priorem</strong></span> <span class='ocrx_word' id='word_1_66' title='bbox 993 787 1067 846; x_wconf 82' lang='lat' dir='ltr'>nisse</span> <span class='ocrx_word' id='word_1_67' title='bbox 1087 805 1156 846; x_wconf 88' lang='lat' dir='ltr'>eon·</span> 
     </span>
     <span class='ocr_line' id='line_1_9' title="bbox 32 859 1155 944; baseline 0.003 -20"><span class='ocrx_word' id='word_1_68' title='bbox 32 865 147 924; x_wconf 75' lang='lat' dir='ltr'>nimbum</span> <span class='ocrx_word' id='word_1_69' title='bbox 167 859 341 941; x_wconf 73' lang='lat' dir='ltr'><strong>Quanquam</strong></span> <span class='ocrx_word' id='word_1_70' title='bbox 360 861 390 920; x_wconf 86' lang='lat' dir='ltr'>in</span> <span class='ocrx_word' id='word_1_71' title='bbox 408 879 529 922; x_wconf 82' lang='lat' dir='ltr'>numam</span> <span class='ocrx_word' id='word_1_72' title='bbox 548 881 589 942; x_wconf 98' lang='lat' dir='ltr'>qn</span> <span class='ocrx_word' id='word_1_73' title='bbox 629 863 795 944; x_wconf 80' lang='lat' dir='ltr'>uelougea</span> <span class='ocrx_word' id='word_1_74' title='bbox 813 867 975 927; x_wconf 80' lang='lat' dir='ltr'>uenatione</span> <span class='ocrx_word' id='word_1_75' title='bbox 988 863 1084 926; x_wconf 82' lang='lat' dir='ltr'>Luoae</span> <span class='ocrx_word' id='word_1_76' title='bbox 1098 865 1155 927; x_wconf 81' lang='lat' dir='ltr'>dis·</span> 
     </span>
     <span class='ocr_line' id='line_1_10' title="bbox 32 941 1156 1026; baseline 0.004 -24"><span class='ocrx_word' id='word_1_77' title='bbox 32 943 106 1014; x_wconf 87' lang='lat' dir='ltr'>sidet,</span> <span class='ocrx_word' id='word_1_78' title='bbox 123 961 213 1022; x_wconf 89' lang='lat' dir='ltr'>quum</span> <span class='ocrx_word' id='word_1_79' title='bbox 226 941 301 1000; x_wconf 77' lang='lat' dir='ltr'>dieii</span> <span class='ocrx_word' id='word_1_80' title='bbox 318 941 429 1002; x_wconf 69' lang='lat' dir='ltr'>miniter</span> <span class='ocrx_word' id='word_1_81' title='bbox 447 941 563 1022; x_wconf 77' lang='lat' dir='ltr'>triginta</span> <span class='ocrx_word' id='word_1_82' title='bbox 608 943 615 958; x_wconf 83' lang='lat'>‘</span> <span class='ocrx_word' id='word_1_83' title='bbox 638 943 664 1002; x_wconf 86' lang='lat' dir='ltr'>&#39;a</span> <span class='ocrx_word' id='word_1_84' title='bbox 677 942 768 1004; x_wconf 75' lang='lat' dir='ltr'>tuisse</span> <span class='ocrx_word' id='word_1_85' title='bbox 778 951 921 1026; x_wconf 75' lang='lat' dir='ltr'>pertracta</span> <span class='ocrx_word' id='word_1_86' title='bbox 934 945 964 1006; x_wconf 84' lang='lat' dir='ltr'>iri</span> <span class='ocrx_word' id='word_1_87' title='bbox 978 945 1156 1020; x_wconf 74' lang='lat' dir='ltr'>saltuosas,</span> 
     </span>
     <span class='ocr_line' id='line_1_11' title="bbox 32 1021 1160 1104; baseline 0.004 -22"><span class='ocrx_word' id='word_1_88' title='bbox 32 1023 79 1082; x_wconf 87' lang='lat' dir='ltr'>nisi</span> <span class='ocrx_word' id='word_1_89' title='bbox 97 1021 168 1084; x_wconf 82' lang='lat' dir='ltr'>torte</span> <span class='ocrx_word' id='word_1_90' title='bbox 186 1021 226 1082; x_wconf 85' lang='lat' dir='ltr'>ita</span> <span class='ocrx_word' id='word_1_91' title='bbox 244 1021 275 1080; x_wconf 92' lang='lat' dir='ltr'>iu</span> <span class='ocrx_word' id='word_1_92' title='bbox 337 1026 475 1094; x_wconf 71' lang='lat' dir='ltr'>remur,</span> <span class='ocrx_word' id='word_1_93' title='bbox 534 1027 648 1102; x_wconf 81' lang='lat' dir='ltr'>siquem</span> <span class='ocrx_word' id='word_1_94' title='bbox 667 1023 833 1104; x_wconf 75' lang='lat' dir='ltr'>profligatus</span> <span class='ocrx_word' id='word_1_95' title='bbox 851 1023 907 1084; x_wconf 87' lang='lat' dir='ltr'>init</span> <span class='ocrx_word' id='word_1_96' title='bbox 925 1043 943 1088; x_wconf 82' lang='lat' dir='ltr'>a</span> <span class='ocrx_word' id='word_1_97' title='bbox 962 1021 1070 1096; x_wconf 77' lang='lat' dir='ltr'>Felice,</span> <span class='ocrx_word' id='word_1_98' title='bbox 1088 1043 1160 1086; x_wconf 87' lang='lat' dir='ltr'>enm</span> 
     </span>
     <span class='ocr_line' id='line_1_12' title="bbox 32 1099 1157 1182; baseline 0.004 -22"><span class='ocrx_word' id='word_1_99' title='bbox 32 1107 149 1182; x_wconf 85' lang='lat' dir='ltr'>quatuor</span> <span class='ocrx_word' id='word_1_100' title='bbox 170 1099 296 1162; x_wconf 86' lang='lat' dir='ltr'>millibus</span> <span class='ocrx_word' id='word_1_101' title='bbox 332 1101 424 1180; x_wconf 73' lang='lat' dir='ltr'>agisse</span> <span class='ocrx_word' id='word_1_102' title='bbox 441 1101 473 1160; x_wconf 91' lang='lat' dir='ltr'>in</span> <span class='ocrx_word' id='word_1_103' title='bbox 510 1107 645 1162; x_wconf 84' lang='lat' dir='ltr'>esertum.</span> <span class='ocrx_word' id='word_1_104' title='bbox 676 1099 768 1164; x_wconf 87' lang='lat' dir='ltr'>Nimis</span> <span class='ocrx_word' id='word_1_105' title='bbox 785 1121 857 1165; x_wconf 83' lang='lat' dir='ltr'>vero</span> <span class='ocrx_word' id='word_1_106' title='bbox 875 1101 1029 1166; x_wconf 83' lang='lat' dir='ltr'>absurdum</span> <span class='ocrx_word' id='word_1_107' title='bbox 1047 1103 1157 1178; x_wconf 77' lang='lat' dir='ltr'>luisset,</span> 
     </span>
     <span class='ocr_line' id='line_1_13' title="bbox 32 1178 1155 1260; baseline 0.004 -20"><span class='ocrx_word' id='word_1_108' title='bbox 32 1199 172 1242; x_wconf 78' lang='lat' dir='ltr'>nummum</span> <span class='ocrx_word' id='word_1_109' title='bbox 197 1178 318 1260; x_wconf 89' lang='lat' dir='ltr'>deonplo</span> <span class='ocrx_word' id='word_1_110' title='bbox 341 1181 480 1242; x_wconf 88' lang='lat' dir='ltr'>maiorem</span> <span class='ocrx_word' id='word_1_111' title='bbox 499 1179 571 1256; x_wconf 82' lang='lat' dir='ltr'>lieri,</span> <span class='ocrx_word' id='word_1_112' title='bbox 590 1183 672 1242; x_wconf 75' lang='lat' dir='ltr'>nenti</span> <span class='ocrx_word' id='word_1_113' title='bbox 691 1181 836 1243; x_wconf 82' lang='lat' dir='ltr'><strong>imbellem</strong></span> <span class='ocrx_word' id='word_1_114' title='bbox 854 1183 969 1244; x_wconf 85' lang='lat' dir='ltr'>turbam</span> <span class='ocrx_word' id='word_1_115' title='bbox 988 1185 1155 1246; x_wconf 79' lang='lat' dir='ltr'>sisariomur</span> 
     </span>
     <span class='ocr_line' id='line_1_14' title="bbox 32 1257 1150 1343; baseline 0.002 -23"><span class='ocrx_word' id='word_1_116' title='bbox 32 1261 137 1321; x_wconf 87' lang='lat' dir='ltr'>nomine</span> <span class='ocrx_word' id='word_1_117' title='bbox 158 1257 301 1320; x_wconf 74' lang='lat' dir='ltr'>infamari:</span> <span class='ocrx_word' id='word_1_118' title='bbox 332 1277 400 1320; x_wconf 83' lang='lat' dir='ltr'>nom</span> <span class='ocrx_word' id='word_1_119' title='bbox 424 1267 499 1322; x_wconf 85' lang='lat' dir='ltr'>testa</span> <span class='ocrx_word' id='word_1_120' title='bbox 522 1259 645 1342; x_wconf 85' lang='lat' dir='ltr'>losapbo</span> <span class='ocrx_word' id='word_1_121' title='bbox 669 1262 792 1343; x_wconf 85' lang='lat' dir='ltr'>simplex</span> <span class='ocrx_word' id='word_1_122' title='bbox 815 1269 845 1322; x_wconf 85' lang='lat' dir='ltr'>et</span> <span class='ocrx_word' id='word_1_123' title='bbox 869 1263 1020 1324; x_wconf 76' lang='lat' dir='ltr'>credulum</span> <span class='ocrx_word' id='word_1_124' title='bbox 1044 1263 1150 1343; x_wconf 78' lang='lat' dir='ltr'>vulgus</span> 
     </span>
     <span class='ocr_line' id='line_1_15' title="bbox 32 1337 1154 1438; baseline 0.004 -40"><span class='ocrx_word' id='word_1_125' title='bbox 32 1340 94 1399; x_wconf 84' lang='lat' dir='ltr'>ialsa</span> <span class='ocrx_word' id='word_1_126' title='bbox 116 1337 317 1436; x_wconf 74' lang='lat' dir='ltr'>pollipitatioup</span> <span class='ocrx_word' id='word_1_127' title='bbox 341 1337 444 1400; x_wconf 78' lang='lat' dir='ltr'>delusit</span> <span class='ocrx_word' id='word_1_128' title='bbox 467 1339 515 1400; x_wconf 91' lang='lat' dir='ltr'>ille</span> <span class='ocrx_word' id='word_1_129' title='bbox 539 1342 691 1438; x_wconf 57' lang='lat' dir='ltr'>impostor-3</span> <span class='ocrx_word' id='word_1_130' title='bbox 711 1359 742 1402; x_wconf 88' lang='lat' dir='ltr'>se</span> <span class='ocrx_word' id='word_1_131' title='bbox 761 1339 819 1400; x_wconf 86' lang='lat' dir='ltr'>Dei</span> <span class='ocrx_word' id='word_1_132' title='bbox 836 1339 1013 1424; x_wconf 82' lang='lat' dir='ltr'>Prophetam</span> <span class='ocrx_word' id='word_1_133' title='bbox 1032 1361 1095 1402; x_wconf 86' lang='lat' dir='ltr'>esse</span> <span class='ocrx_word' id='word_1_134' title='bbox 1113 1344 1154 1403; x_wconf 83' lang='lat' dir='ltr'>ia-</span> 
     </span>
     <span class='ocr_line' id='line_1_16' title="bbox 32 1419 1157 1578; baseline 0.004 -20"><span class='ocrx_word' id='word_1_135' title='bbox 32 1419 1157 1578; x_wconf 53' lang='lat' dir='ltr'>mmmffimmbsmmmfflmbemt</span> 
     </span>
     <span class='ocr_line' id='line_1_17' title="bbox 32 1575 1155 1719; baseline 0.004 -81"><span class='ocrx_word' id='word_1_136' title='bbox 32 1578 58 1638; x_wconf 82' lang='lat' dir='ltr'>lb</span> <span class='ocrx_word' id='word_1_137' title='bbox 77 1577 218 1659; x_wconf 73' lang='lat' dir='ltr'>Aegyptio</span> <span class='ocrx_word' id='word_1_138' title='bbox 237 1575 378 1660; x_wconf 85' lang='lat' dir='ltr'>propbeta</span> <span class='ocrx_word' id='word_1_139' title='bbox 397 1575 452 1638; x_wconf 87' lang='lat' dir='ltr'>snb</span> <span class='ocrx_word' id='word_1_140' title='bbox 470 1576 564 1638; x_wconf 77' lang='lat' dir='ltr'>Felice</span> <span class='ocrx_word' id='word_1_141' title='bbox 578 1577 712 1719; x_wconf 61' lang='lat' dir='ltr'>praeside</span> <span class='ocrx_word' id='word_1_142' title='bbox 730 1579 879 1641; x_wconf 81' lang='lat' dir='ltr'>oobeetnm</span> <span class='ocrx_word' id='word_1_143' title='bbox 897 1581 985 1641; x_wconf 85' lang='lat' dir='ltr'>luisse</span> <span class='ocrx_word' id='word_1_144' title='bbox 1003 1580 1155 1644; x_wconf 85' lang='lat' dir='ltr'>bominum</span> 
     </span>
     <span class='ocr_line' id='line_1_18' title="bbox 32 1655 1231 1740; baseline 0.003 -22"><span class='ocrx_word' id='word_1_145' title='bbox 32 1663 192 1731; x_wconf 76' lang='lat' dir='ltr'>manumet</span> <span class='ocrx_word' id='word_1_146' title='bbox 210 1655 362 1718; x_wconf 78' lang='lat' dir='ltr'>ebduotam</span> <span class='ocrx_word' id='word_1_147' title='bbox 380 1656 411 1716; x_wconf 87' lang='lat' dir='ltr'>in</span> <span class='ocrx_word' id='word_1_148' title='bbox 430 1663 559 1720; x_wconf 85' lang='lat' dir='ltr'>montem</span> <span class='ocrx_word' id='word_1_149' title='bbox 607 1657 739 1729; x_wconf 77' lang='lat' dir='ltr'>livorum,</span> <span class='ocrx_word' id='word_1_150' title='bbox 757 1677 796 1718; x_wconf 86' lang='lat' dir='ltr'>ex</span> <span class='ocrx_word' id='word_1_151' title='bbox 815 1677 873 1738; x_wconf 85' lang='lat' dir='ltr'>qua</span> <span class='ocrx_word' id='word_1_152' title='bbox 892 1661 978 1720; x_wconf 82' lang='lat' dir='ltr'>occisi</span> <span class='ocrx_word' id='word_1_153' title='bbox 997 1667 1065 1720; x_wconf 91' lang='lat' dir='ltr'>sunt</span> <span class='ocrx_word' id='word_1_154' title='bbox 1083 1677 1155 1740; x_wconf 84' lang='lat' dir='ltr'>qua·</span> <span class='ocrx_word' id='word_1_155' title='bbox 1228 1671 1231 1677; x_wconf 87' lang='lat'>&#39;</span> 
     </span>
     <span class='ocr_line' id='line_1_19' title="bbox 32 1735 1202 1818; baseline 0.001 -21"><span class='ocrx_word' id='word_1_156' title='bbox 32 1737 173 1818; x_wconf 67' lang='lat' dir='ltr'>triugmtb</span> <span class='ocrx_word' id='word_1_157' title='bbox 192 1735 308 1798; x_wconf 88' lang='lat' dir='ltr'>dnueuti</span> <span class='ocrx_word' id='word_1_158' title='bbox 326 1737 411 1818; x_wconf 83' lang='lat' dir='ltr'>eapti,</span> <span class='ocrx_word' id='word_1_159' title='bbox 431 1736 567 1817; x_wconf 77' lang='lat' dir='ltr'>reliquiae</span> <span class='ocrx_word' id='word_1_160' title='bbox 585 1755 655 1796; x_wconf 88' lang='lat' dir='ltr'>vero</span> <span class='ocrx_word' id='word_1_161' title='bbox 675 1735 835 1816; x_wconf 75' lang='lat' dir='ltr'>dissipatae.</span> <span class='ocrx_word' id='word_1_162' title='bbox 853 1735 965 1800; x_wconf 82' lang='lat' dir='ltr'>Reeem</span> <span class='ocrx_word' id='word_1_163' title='bbox 984 1745 1046 1799; x_wconf 84' lang='lat' dir='ltr'>erat</span> <span class='ocrx_word' id='word_1_164' title='bbox 1065 1738 1156 1799; x_wconf 84' lang='lat' dir='ltr'>bisto-</span> <span class='ocrx_word' id='word_1_165' title='bbox 1193 1741 1202 1754; x_wconf 86' lang='lat'><em>&#39;</em></span> 
     </span>
     <span class='ocr_line' id='line_1_20' title="bbox 32 1813 1181 1897; baseline -0.002 -22"><span class='ocrx_word' id='word_1_166' title='bbox 32 1819 77 1876; x_wconf 85' lang='lat' dir='ltr'>ia:</span> <span class='ocrx_word' id='word_1_167' title='bbox 96 1815 196 1878; x_wconf 89' lang='lat' dir='ltr'>deinde</span> <span class='ocrx_word' id='word_1_168' title='bbox 214 1834 305 1897; x_wconf 86' lang='lat' dir='ltr'>quum</span> <span class='ocrx_word' id='word_1_169' title='bbox 323 1815 437 1896; x_wconf 81' lang='lat' dir='ltr'>elapsus</span> <span class='ocrx_word' id='word_1_170' title='bbox 456 1821 532 1878; x_wconf 85' lang='lat' dir='ltr'>esset</span> <span class='ocrx_word' id='word_1_171' title='bbox 551 1813 697 1878; x_wconf 84' lang='lat' dir='ltr'>reditionis</span> <span class='ocrx_word' id='word_1_172' title='bbox 716 1821 830 1890; x_wconf 67' lang='lat' dir='ltr'>aomos,</span> <span class='ocrx_word' id='word_1_173' title='bbox 848 1823 880 1878; x_wconf 82' lang='lat' dir='ltr'>et</span> <span class='ocrx_word' id='word_1_174' title='bbox 898 1817 978 1896; x_wconf 77' lang='lat' dir='ltr'>ragio</span> <span class='ocrx_word' id='word_1_175' title='bbox 996 1816 1156 1876; x_wconf 73' lang='lat' dir='ltr'>latronibus</span> <span class='ocrx_word' id='word_1_176' title='bbox 1178 1865 1181 1872; x_wconf 87' lang='lat'>.</span> 
     </span>
     <span class='ocr_line' id='line_1_21' title="bbox 32 1892 1154 1971; baseline 0 -15"><span class='ocrx_word' id='word_1_177' title='bbox 32 1893 127 1971; x_wconf 71' lang='lat' dir='ltr'>oleata</span> <span class='ocrx_word' id='word_1_178' title='bbox 145 1915 205 1956; x_wconf 87' lang='lat' dir='ltr'>uon</span> <span class='ocrx_word' id='word_1_179' title='bbox 223 1895 274 1956; x_wconf 85' lang='lat' dir='ltr'>aba</span> <span class='ocrx_word' id='word_1_180' title='bbox 294 1915 326 1958; x_wconf 90' lang='lat' dir='ltr'>re</span> <span class='ocrx_word' id='word_1_181' title='bbox 344 1897 504 1956; x_wconf 75' lang='lat' dir='ltr'>adsuitator</span> <span class='ocrx_word' id='word_1_182' title='bbox 521 1893 674 1971; x_wconf 80' lang='lat' dir='ltr'>Tribunus,</span> <span class='ocrx_word' id='word_1_183' title='bbox 693 1913 731 1956; x_wconf 89' lang='lat' dir='ltr'>an</span> <span class='ocrx_word' id='word_1_184' title='bbox 750 1892 857 1956; x_wconf 88' lang='lat' dir='ltr'>Paulus</span> <span class='ocrx_word' id='word_1_185' title='bbox 875 1895 906 1954; x_wconf 89' lang='lat' dir='ltr'>in</span> <span class='ocrx_word' id='word_1_186' title='bbox 966 1913 1013 1955; x_wconf 91' lang='lat' dir='ltr'>em</span> <span class='ocrx_word' id='word_1_187' title='bbox 1031 1895 1072 1955; x_wconf 82' lang='lat' dir='ltr'>ita</span> <span class='ocrx_word' id='word_1_188' title='bbox 1091 1913 1154 1956; x_wconf 87' lang='lat' dir='ltr'>nm·</span> 
     </span>
     <span class='ocr_line' id='line_1_22' title="bbox 32 1971 1155 2056; baseline 0 -20"><span class='ocrx_word' id='word_1_189' title='bbox 32 1977 97 2036; x_wconf 80' lang='lat' dir='ltr'>tium</span> <span class='ocrx_word' id='word_1_190' title='bbox 117 1975 182 2036; x_wconf 85' lang='lat' dir='ltr'>odis</span> <span class='ocrx_word' id='word_1_191' title='bbox 201 1975 312 2038; x_wconf 82' lang='lat' dir='ltr'>fervere</span> <span class='ocrx_word' id='word_1_192' title='bbox 330 1975 417 2051; x_wconf 68' lang='lat' dir='ltr'>ridet,</span> <span class='ocrx_word' id='word_1_193' title='bbox 436 1976 485 2036; x_wconf 89' lang='lat' dir='ltr'>ille</span> <span class='ocrx_word' id='word_1_194' title='bbox 503 1977 542 2036; x_wconf 92' lang='lat' dir='ltr'>sit</span> <span class='ocrx_word' id='word_1_195' title='bbox 554 1973 725 2056; x_wconf 74' lang='lat' dir='ltr'>Aegyptius.</span> <span class='ocrx_word' id='word_1_196' title='bbox 744 1971 871 2055; x_wconf 79' lang='lat' dir='ltr'>Longius</span> <span class='ocrx_word' id='word_1_197' title='bbox 886 1973 936 2036; x_wconf 75' lang='lat' dir='ltr'>Tri</span> <span class='ocrx_word' id='word_1_198' title='bbox 957 1975 1005 2033; x_wconf 91' lang='lat' dir='ltr'>uui</span> <span class='ocrx_word' id='word_1_199' title='bbox 1024 1980 1055 2034; x_wconf 88' lang='lat' dir='ltr'>et</span> <span class='ocrx_word' id='word_1_200' title='bbox 1070 1971 1155 2036; x_wconf 86' lang='lat' dir='ltr'>Pauli</span> 
     </span>
     <span class='ocr_line' id='line_1_23' title="bbox 32 2053 1155 2137; baseline -0.002 -21"><span class='ocrx_word' id='word_1_201' title='bbox 32 2055 195 2137; x_wconf 85' lang='lat' dir='ltr'>olloquium</span> <span class='ocrx_word' id='word_1_202' title='bbox 221 2074 281 2116; x_wconf 89' lang='lat' dir='ltr'>uon</span> <span class='ocrx_word' id='word_1_203' title='bbox 300 2062 432 2116; x_wconf 79' lang='lat' dir='ltr'>namatus</span> <span class='ocrx_word' id='word_1_204' title='bbox 451 2074 469 2114; x_wconf 88' lang='lat' dir='ltr'>a</span> <span class='ocrx_word' id='word_1_205' title='bbox 487 2053 579 2114; x_wconf 83' lang='lat' dir='ltr'>Lusa:</span> <span class='ocrx_word' id='word_1_206' title='bbox 609 2053 756 2136; x_wconf 82' lang='lat' dir='ltr'>probabile</span> <span class='ocrx_word' id='word_1_207' title='bbox 779 2061 876 2114; x_wconf 86' lang='lat' dir='ltr'>tamen</span> <span class='ocrx_word' id='word_1_208' title='bbox 895 2059 954 2128; x_wconf 87' lang='lat' dir='ltr'>est,</span> <span class='ocrx_word' id='word_1_209' title='bbox 983 2073 1074 2134; x_wconf 88' lang='lat' dir='ltr'>quum</span> <span class='ocrx_word' id='word_1_210' title='bbox 1093 2071 1155 2114; x_wconf 89' lang='lat' dir='ltr'>am·</span> 
     </span>
     <span class='ocr_line' id='line_1_24' title="bbox 32 2133 1155 2216; baseline 0 -22"><span class='ocrx_word' id='word_1_211' title='bbox 32 2135 108 2196; x_wconf 62' lang='lat' dir='ltr'>obus*</span> <span class='ocrx_word' id='word_1_212' title='bbox 127 2136 287 2199; x_wconf 84' lang='lat' dir='ltr'>eommunis</span> <span class='ocrx_word' id='word_1_213' title='bbox 306 2141 382 2196; x_wconf 87' lang='lat' dir='ltr'>esset</span> <span class='ocrx_word' id='word_1_214' title='bbox 399 2153 502 2216; x_wconf 75' lang='lat' dir='ltr'>qraeea</span> <span class='ocrx_word' id='word_1_215' title='bbox 520 2135 626 2216; x_wconf 75' lang='lat' dir='ltr'>lingua,</span> <span class='ocrx_word' id='word_1_216' title='bbox 665 2133 742 2194; x_wconf 87' lang='lat' dir='ltr'>lures</span> <span class='ocrx_word' id='word_1_217' title='bbox 761 2151 906 2195; x_wconf 71' lang='lat' dir='ltr'>sermouoe</span> <span class='ocrx_word' id='word_1_218' title='bbox 925 2133 1003 2193; x_wconf 85' lang='lat' dir='ltr'>ultro</span> <span class='ocrx_word' id='word_1_219' title='bbox 1024 2133 1155 2214; x_wconf 76' lang='lat' dir='ltr'>citroque</span> 
     </span>
     <span class='ocr_line' id='line_1_25' title="bbox 32 2155 1155 2295; baseline -0.002 -21"><span class='ocrx_word' id='word_1_220' title='bbox 32 2216 104 2275; x_wconf 84' lang='lat' dir='ltr'>uisse</span> <span class='ocrx_word' id='word_1_221' title='bbox 123 2213 244 2275; x_wconf 79' lang='lat' dir='ltr'>habitos.</span> <span class='ocrx_word' id='word_1_222' title='bbox 284 2213 367 2276; x_wconf 90' lang='lat' dir='ltr'>Unde</span> <span class='ocrx_word' id='word_1_223' title='bbox 386 2213 494 2276; x_wconf 86' lang='lat' dir='ltr'>laetum</span> <span class='ocrx_word' id='word_1_224' title='bbox 513 2220 571 2289; x_wconf 84' lang='lat' dir='ltr'>est,</span> <span class='ocrx_word' id='word_1_225' title='bbox 594 2219 628 2274; x_wconf 86' lang='lat' dir='ltr'>ut</span> <span class='ocrx_word' id='word_1_226' title='bbox 645 2155 775 2294; x_wconf 70' lang='lat' dir='ltr'>1legitima</span> <span class='ocrx_word' id='word_1_227' title='bbox 794 2213 964 2295; x_wconf 75' lang='lat' dir='ltr'>purgatione</span> <span class='ocrx_word' id='word_1_228' title='bbox 983 2212 1068 2273; x_wconf 80' lang='lat' dir='ltr'>allata</span> <span class='ocrx_word' id='word_1_229' title='bbox 1087 2231 1155 2294; x_wconf 90' lang='lat' dir='ltr'>per·</span> 
     </span>
     <span class='ocr_line' id='line_1_26' title="bbox 32 2290 1152 2374; baseline -0.002 -20"><span class='ocrx_word' id='word_1_230' title='bbox 32 2296 135 2354; x_wconf 80' lang='lat' dir='ltr'>nissum</span> <span class='ocrx_word' id='word_1_231' title='bbox 154 2293 239 2354; x_wconf 86' lang='lat' dir='ltr'>luerit</span> <span class='ocrx_word' id='word_1_232' title='bbox 258 2291 350 2354; x_wconf 88' lang='lat' dir='ltr'>Paulo</span> <span class='ocrx_word' id='word_1_233' title='bbox 369 2293 407 2354; x_wconf 87' lang='lat' dir='ltr'>ad</span> <span class='ocrx_word' id='word_1_234' title='bbox 425 2292 566 2374; x_wconf 89' lang='lat' dir='ltr'>populum</span> <span class='ocrx_word' id='word_1_235' title='bbox 585 2292 679 2372; x_wconf 89' lang='lat' dir='ltr'>loqui:</span> <span class='ocrx_word' id='word_1_236' title='bbox 698 2310 847 2372; x_wconf 86' lang='lat' dir='ltr'>nunquam</span> <span class='ocrx_word' id='word_1_237' title='bbox 866 2293 943 2352; x_wconf 88' lang='lat' dir='ltr'>euim</span> <span class='ocrx_word' id='word_1_238' title='bbox 961 2290 1071 2352; x_wconf 87' lang='lat' dir='ltr'>homiui</span> <span class='ocrx_word' id='word_1_239' title='bbox 1092 2310 1152 2352; x_wconf 85' lang='lat' dir='ltr'>soe·</span> 
     </span>
     <span class='ocr_line' id='line_1_27' title="bbox 32 2369 1105 2514; baseline 0 -80"><span class='ocrx_word' id='word_1_240' title='bbox 32 2381 106 2468; x_wconf 74' lang='lat' dir='ltr'>eratp</span> <span class='ocrx_word' id='word_1_241' title='bbox 130 2371 330 2514; x_wconf 58' lang='lat' dir='ltr'>boemqatnrus</span> <span class='ocrx_word' id='word_1_242' title='bbox 354 2379 416 2436; x_wconf 85' lang='lat' dir='ltr'>eret</span> <span class='ocrx_word' id='word_1_243' title='bbox 435 2371 594 2450; x_wconf 74' lang='lat' dir='ltr'>Tribunus,</span> <span class='ocrx_word' id='word_1_244' title='bbox 618 2377 652 2433; x_wconf 87' lang='lat' dir='ltr'>nt</span> <span class='ocrx_word' id='word_1_245' title='bbox 670 2369 782 2452; x_wconf 83' lang='lat' dir='ltr'>publiea</span> <span class='ocrx_word' id='word_1_246' title='bbox 801 2373 831 2434; x_wconf 89' lang='lat' dir='ltr'>iu</span> <span class='ocrx_word' id='word_1_247' title='bbox 850 2370 922 2434; x_wconf 84' lang='lat' dir='ltr'>urbe</span> <span class='ocrx_word' id='word_1_248' title='bbox 940 2378 1001 2434; x_wconf 66' lang='lat' dir='ltr'>mm</span> <span class='ocrx_word' id='word_1_249' title='bbox 1020 2389 1105 2452; x_wconf 85' lang='lat' dir='ltr'>suspe</span> 
     </span>
     <span class='ocr_line' id='line_1_28' title="bbox 32 2465 1090 2520; baseline 0.007 -7"><span class='ocrx_word' id='word_1_250' title='bbox 32 2469 185 2514; x_wconf 75' lang='lat' dir='ltr'>numanam</span> <span class='ocrx_word' id='word_1_251' title='bbox 234 2496 241 2512; x_wconf 91' lang='lat'>.</span> <span class='ocrx_word' id='word_1_252' title='bbox 268 2465 273 2472; x_wconf 89' lang='grc'><em>“</em></span> <span class='ocrx_word' id='word_1_253' title='bbox 1088 2511 1090 2520; x_wconf 95' lang='grc'><strong>.</strong></span> 
     </span>
    </p>
   </div>
   <div class='ocr_carea' id='block_1_3' title="bbox 329 2786 840 2920">
    <p class='ocr_par' dir='ltr' id='par_1_3' title="bbox 329 2786 840 2920">
     <span class='ocr_line' id='line_1_29' title="bbox 329 2786 840 2920; baseline 0.002 -1"><span class='ocrx_word' id='word_1_254' title='bbox 329 2786 840 2920; x_wconf 75' lang='grc' dir='ltr'><strong>οΑΡυΤΧΧιι.</strong></span> 
     </span>
    </p>
   </div>
   <div class='ocr_carea' id='block_1_4' title="bbox 32 3085 1198 4349">
    <p class='ocr_par' dir='ltr' id='par_1_4' title="bbox 32 3085 1198 4349">
     <span class='ocr_line' id='line_1_30' title="bbox 101 3085 1153 3179; baseline 0.004 -27"><span class='ocrx_word' id='word_1_255' title='bbox 101 3089 133 3152; x_wconf 83' lang='grc'>1.</span> <span class='ocrx_word' id='word_1_256' title='bbox 163 3087 229 3154; x_wconf 86' lang='lat' dir='ltr'>Viri</span> <span class='ocrx_word' id='word_1_257' title='bbox 256 3087 366 3156; x_wconf 86' lang='lat' dir='ltr'>iratres</span> <span class='ocrx_word' id='word_1_258' title='bbox 387 3097 421 3156; x_wconf 88' lang='lat' dir='ltr'>et</span> <span class='ocrx_word' id='word_1_259' title='bbox 441 3097 563 3179; x_wconf 81' lang='lat' dir='ltr'>patres,</span> <span class='ocrx_word' id='word_1_260' title='bbox 597 3087 702 3156; x_wconf 63' lang='lat' dir='ltr'>nudie</span> <span class='ocrx_word' id='word_1_261' title='bbox 723 3109 843 3170; x_wconf 88' lang='lat' dir='ltr'>meam,</span> <span class='ocrx_word' id='word_1_262' title='bbox 876 3109 940 3177; x_wconf 88' lang='lat' dir='ltr'>qua</span> <span class='ocrx_word' id='word_1_263' title='bbox 960 3109 1046 3156; x_wconf 86' lang='lat' dir='ltr'>nuno</span> <span class='ocrx_word' id='word_1_264' title='bbox 1068 3085 1153 3178; x_wconf 85' lang='lat' dir='ltr'>apud</span> 
     </span>
     <span class='ocr_line' id='line_1_31' title="bbox 32 3189 1153 3284; baseline 0.002 -26"><span class='ocrx_word' id='word_1_265' title='bbox 32 3213 71 3259; x_wconf 91' lang='lat' dir='ltr'>os</span> <span class='ocrx_word' id='word_1_266' title='bbox 94 3202 181 3278; x_wconf 88' lang='lat' dir='ltr'>utor,</span> <span class='ocrx_word' id='word_1_267' title='bbox 203 3194 450 3262; x_wconf 86' lang='lat' dir='ltr'>excusationem.</span> <span class='ocrx_word' id='word_1_268' title='bbox 484 3193 519 3260; x_wconf 73' lang='lat'>2·</span> <span class='ocrx_word' id='word_1_269' title='bbox 535 3193 644 3280; x_wconf 85' lang='lat' dir='ltr'>Quum</span> <span class='ocrx_word' id='word_1_270' title='bbox 666 3201 773 3262; x_wconf 88' lang='lat' dir='ltr'>autem</span> <span class='ocrx_word' id='word_1_271' title='bbox 795 3189 965 3278; x_wconf 82' lang='lat' dir='ltr'>audissent,</span> <span class='ocrx_word' id='word_1_272' title='bbox 987 3191 1075 3284; x_wconf 92' lang='lat' dir='ltr'>quod</span> <span class='ocrx_word' id='word_1_273' title='bbox 1095 3191 1153 3260; x_wconf 89' lang='lat' dir='ltr'>he·</span> 
     </span>
     <span class='ocr_line' id='line_1_32' title="bbox 32 3297 1152 3392; baseline -0.001 -26"><span class='ocrx_word' id='word_1_274' title='bbox 32 3317 103 3368; x_wconf 76' lang='lat' dir='ltr'>laea</span> <span class='ocrx_word' id='word_1_275' title='bbox 132 3297 241 3392; x_wconf 62' lang='lat' dir='ltr'>bnsffm</span> <span class='ocrx_word' id='word_1_276' title='bbox 267 3299 344 3392; x_wconf 86' lang='lat' dir='ltr'>ipsis</span> <span class='ocrx_word' id='word_1_277' title='bbox 377 3299 576 3390; x_wconf 78' lang='lat' dir='ltr'>loquetetur,</span> <span class='ocrx_word' id='word_1_278' title='bbox 603 3299 703 3392; x_wconf 84' lang='lat' dir='ltr'>magis</span> <span class='ocrx_word' id='word_1_279' title='bbox 734 3299 955 3390; x_wconf 88' lang='lat' dir='ltr'>praestiterunt</span> <span class='ocrx_word' id='word_1_280' title='bbox 982 3297 1152 3368; x_wconf 85' lang='lat' dir='ltr'>silentium.</span> 
     </span>
     <span class='ocr_line' id='line_1_33' title="bbox 32 3391 1198 3499; baseline 0.002 -28"><span class='ocrx_word' id='word_1_281' title='bbox 32 3417 49 3473; x_wconf 57' lang='lat' dir='ltr'>it</span> <span class='ocrx_word' id='word_1_282' title='bbox 73 3405 167 3490; x_wconf 81' lang='lat' dir='ltr'>dicit,</span> <span class='ocrx_word' id='word_1_283' title='bbox 210 3406 242 3474; x_wconf 86' lang='grc'>3.</span> <span class='ocrx_word' id='word_1_284' title='bbox 264 3403 335 3499; x_wconf 75' lang='lat' dir='ltr'>Ego</span> <span class='ocrx_word' id='word_1_285' title='bbox 363 3406 492 3496; x_wconf 86' lang='lat' dir='ltr'>quidem</span> <span class='ocrx_word' id='word_1_286' title='bbox 519 3429 593 3474; x_wconf 88' lang='lat' dir='ltr'>sum</span> <span class='ocrx_word' id='word_1_287' title='bbox 622 3406 670 3472; x_wconf 85' lang='lat' dir='ltr'>vir</span> <span class='ocrx_word' id='word_1_288' title='bbox 697 3403 850 3492; x_wconf 86' lang='lat' dir='ltr'>iudaeus,</span> <span class='ocrx_word' id='word_1_289' title='bbox 884 3391 975 3474; x_wconf 79' lang='lat' dir='ltr'>Tarsi</span> <span class='ocrx_word' id='word_1_290' title='bbox 1004 3415 1096 3473; x_wconf 90' lang='lat' dir='ltr'>natus</span> <span class='ocrx_word' id='word_1_291' title='bbox 1117 3403 1153 3473; x_wconf 85' lang='lat' dir='ltr'>iu</span> <span class='ocrx_word' id='word_1_292' title='bbox 1194 3427 1198 3456; x_wconf 82' lang='lat'>¹</span> 
     </span>
     <span class='ocr_line' id='line_1_34' title="bbox 32 3509 1153 3604; baseline 0.003 -27"><span class='ocrx_word' id='word_1_293' title='bbox 32 3510 132 3603; x_wconf 83' lang='lat' dir='ltr'>ppido</span> <span class='ocrx_word' id='word_1_294' title='bbox 156 3509 293 3602; x_wconf 68' lang='lat' dir='ltr'>Ciliciae,</span> <span class='ocrx_word' id='word_1_295' title='bbox 315 3511 467 3580; x_wconf 84' lang='lat' dir='ltr'>educatus</span> <span class='ocrx_word' id='word_1_296' title='bbox 487 3537 564 3581; x_wconf 87' lang='lat' dir='ltr'>vero</span> <span class='ocrx_word' id='word_1_297' title='bbox 587 3513 620 3580; x_wconf 88' lang='lat' dir='ltr'>in</span> <span class='ocrx_word' id='word_1_298' title='bbox 642 3513 702 3582; x_wconf 85' lang='lat' dir='ltr'>hac</span> <span class='ocrx_word' id='word_1_299' title='bbox 723 3511 803 3579; x_wconf 88' lang='lat' dir='ltr'>urbe</span> <span class='ocrx_word' id='word_1_300' title='bbox 824 3511 865 3578; x_wconf 91' lang='lat' dir='ltr'>ad</span> <span class='ocrx_word' id='word_1_301' title='bbox 887 3512 986 3604; x_wconf 84' lang='lat' dir='ltr'>pedes</span> <span class='ocrx_word' id='word_1_302' title='bbox 1001 3509 1153 3580; x_wconf 78' lang='lat' dir='ltr'>Gamale-</span> 
     </span>
     <span class='ocr_line' id='line_1_35' title="bbox 32 3617 1154 3711; baseline 0.001 -28"><span class='ocrx_word' id='word_1_303' title='bbox 32 3641 58 3702; x_wconf 87' lang='lat' dir='ltr'>s,</span> <span class='ocrx_word' id='word_1_304' title='bbox 81 3619 249 3688; x_wconf 86' lang='lat' dir='ltr'>institutus</span> <span class='ocrx_word' id='word_1_305' title='bbox 271 3619 448 3698; x_wconf 81' lang='lat' dir='ltr'>secuudum</span> <span class='ocrx_word' id='word_1_306' title='bbox 470 3629 615 3688; x_wconf 82' lang='lat' dir='ltr'>exactam</span> <span class='ocrx_word' id='word_1_307' title='bbox 636 3619 792 3688; x_wconf 85' lang='lat' dir='ltr'>rationem</span> <span class='ocrx_word' id='word_1_308' title='bbox 815 3617 911 3710; x_wconf 83' lang='lat' dir='ltr'>Legis</span> <span class='ocrx_word' id='word_1_309' title='bbox 933 3619 1067 3711; x_wconf 81' lang='lat' dir='ltr'>patriae,</span> <span class='ocrx_word' id='word_1_310' title='bbox 1089 3627 1154 3685; x_wconf 88' lang='lat' dir='ltr'>stu·</span> 
     </span>
     <span class='ocr_line' id='line_1_36' title="bbox 32 3723 1154 3812; baseline 0.001 -22"><span class='ocrx_word' id='word_1_311' title='bbox 32 3725 119 3792; x_wconf 84' lang='lat' dir='ltr'>iosus</span> <span class='ocrx_word' id='word_1_312' title='bbox 143 3725 224 3812; x_wconf 88' lang='lat' dir='ltr'>Dei,</span> <span class='ocrx_word' id='word_1_313' title='bbox 257 3726 338 3794; x_wconf 86' lang='lat' dir='ltr'>sieut</span> <span class='ocrx_word' id='word_1_314' title='bbox 370 3737 406 3795; x_wconf 85' lang='lat' dir='ltr'>et</span> <span class='ocrx_word' id='word_1_315' title='bbox 434 3748 495 3794; x_wconf 84' lang='lat' dir='ltr'>vos</span> <span class='ocrx_word' id='word_1_316' title='bbox 523 3747 636 3794; x_wconf 87' lang='lat' dir='ltr'>omues</span> <span class='ocrx_word' id='word_1_317' title='bbox 664 3724 739 3793; x_wconf 85' lang='lat' dir='ltr'>estis</span> <span class='ocrx_word' id='word_1_318' title='bbox 765 3723 876 3793; x_wconf 84' lang='lat' dir='ltr'>bodie:</span> <span class='ocrx_word' id='word_1_319' title='bbox 920 3723 952 3794; x_wconf 81' lang='lat'>4.</span> <span class='ocrx_word' id='word_1_320' title='bbox 975 3723 1039 3811; x_wconf 81' lang='lat' dir='ltr'>Qui</span> <span class='ocrx_word' id='word_1_321' title='bbox 1070 3723 1154 3791; x_wconf 84' lang='lat' dir='ltr'>haue</span> 
     </span>
     <span class='ocr_line' id='line_1_37' title="bbox 32 3828 1153 3924; baseline 0.001 -29"><span class='ocrx_word' id='word_1_322' title='bbox 32 3831 93 3896; x_wconf 75' lang='lat' dir='ltr'>iarn</span> <span class='ocrx_word' id='word_1_323' title='bbox 122 3843 337 3924; x_wconf 83' lang='lat' dir='ltr'>persequutus</span> <span class='ocrx_word' id='word_1_324' title='bbox 359 3853 432 3900; x_wconf 86' lang='lat' dir='ltr'>sum</span> <span class='ocrx_word' id='word_1_325' title='bbox 453 3831 619 3924; x_wconf 88' lang='lat' dir='ltr'>usquead</span> <span class='ocrx_word' id='word_1_326' title='bbox 641 3840 787 3914; x_wconf 86' lang='lat' dir='ltr'>mortem,</span> <span class='ocrx_word' id='word_1_327' title='bbox 809 3829 938 3922; x_wconf 83' lang='lat' dir='ltr'>alligans</span> <span class='ocrx_word' id='word_1_328' title='bbox 964 3851 1002 3898; x_wconf 88' lang='lat' dir='ltr'>ac</span> <span class='ocrx_word' id='word_1_329' title='bbox 1022 3828 1153 3898; x_wconf 89' lang='lat' dir='ltr'>tradens</span> 
     </span>
     <span class='ocr_line' id='line_1_38' title="bbox 32 3933 1153 4034; baseline 0.002 -32"><span class='ocrx_word' id='word_1_330' title='bbox 32 3963 37 4002; x_wconf 86' lang='lat' dir='ltr'>t</span> <span class='ocrx_word' id='word_1_331' title='bbox 61 3935 228 4034; x_wconf 79' lang='lat' dir='ltr'>custodias</span> <span class='ocrx_word' id='word_1_332' title='bbox 256 3947 322 4005; x_wconf 88' lang='lat' dir='ltr'>tam</span> <span class='ocrx_word' id='word_1_333' title='bbox 350 3938 437 4034; x_wconf 69' lang='lat' dir='ltr'>sires</span> <span class='ocrx_word' id='word_1_334' title='bbox 460 3963 557 4030; x_wconf 80' lang='lat' dir='ltr'>quam</span> <span class='ocrx_word' id='word_1_335' title='bbox 578 3937 737 4010; x_wconf 85' lang='lat' dir='ltr'>mulieres.</span> <span class='ocrx_word' id='word_1_336' title='bbox 781 3936 812 4004; x_wconf 88' lang='lat'>5.</span> <span class='ocrx_word' id='word_1_337' title='bbox 834 3936 925 4006; x_wconf 86' lang='lat' dir='ltr'>Sicut</span> <span class='ocrx_word' id='word_1_338' title='bbox 947 3947 980 4004; x_wconf 88' lang='lat' dir='ltr'>et</span> <span class='ocrx_word' id='word_1_339' title='bbox 1000 3933 1153 4026; x_wconf 83' lang='lat' dir='ltr'>Prinoeps</span> 
     </span>
     <span class='ocr_line' id='line_1_39' title="bbox 32 4039 1155 4140; baseline -0.002 -28"><span class='ocrx_word' id='word_1_340' title='bbox 32 4041 224 4112; x_wconf 85' lang='lat' dir='ltr'>acerdotum</span> <span class='ocrx_word' id='word_1_341' title='bbox 244 4043 324 4110; x_wconf 91' lang='lat' dir='ltr'>mibi</span> <span class='ocrx_word' id='word_1_342' title='bbox 345 4045 436 4114; x_wconf 86' lang='lat' dir='ltr'>testis</span> <span class='ocrx_word' id='word_1_343' title='bbox 458 4055 522 4128; x_wconf 84' lang='lat' dir='ltr'>est,</span> <span class='ocrx_word' id='word_1_344' title='bbox 549 4055 582 4114; x_wconf 90' lang='lat' dir='ltr'>et</span> <span class='ocrx_word' id='word_1_345' title='bbox 602 4053 690 4113; x_wconf 87' lang='lat' dir='ltr'>totus</span> <span class='ocrx_word' id='word_1_346' title='bbox 712 4041 886 4140; x_wconf 82' lang='lat' dir='ltr'>Seniourm</span> <span class='ocrx_word' id='word_1_347' title='bbox 907 4042 997 4112; x_wconf 87' lang='lat' dir='ltr'>ordo.</span> <span class='ocrx_word' id='word_1_348' title='bbox 1034 4039 1155 4132; x_wconf 81' lang='lat' dir='ltr'>Aqui·</span> 
     </span>
     <span class='ocr_line' id='line_1_40' title="bbox 32 4147 1153 4242; baseline 0.001 -27"><span class='ocrx_word' id='word_1_349' title='bbox 32 4171 69 4214; x_wconf 88' lang='lat' dir='ltr'>us</span> <span class='ocrx_word' id='word_1_350' title='bbox 94 4149 196 4217; x_wconf 88' lang='lat' dir='ltr'>etiam</span> <span class='ocrx_word' id='word_1_351' title='bbox 224 4149 360 4241; x_wconf 83' lang='lat' dir='ltr'>acceptis</span> <span class='ocrx_word' id='word_1_352' title='bbox 389 4149 429 4218; x_wconf 91' lang='lat' dir='ltr'>ad</span> <span class='ocrx_word' id='word_1_353' title='bbox 455 4149 565 4219; x_wconf 88' lang='lat' dir='ltr'>iratres</span> <span class='ocrx_word' id='word_1_354' title='bbox 592 4148 732 4242; x_wconf 90' lang='lat' dir='ltr'>epistolis</span> <span class='ocrx_word' id='word_1_355' title='bbox 747 4147 948 4218; x_wconf 82' lang='lat' dir='ltr'>Damascuui</span> <span class='ocrx_word' id='word_1_356' title='bbox 974 4147 1153 4242; x_wconf 83' lang='lat' dir='ltr'>pergebam,</span> 
     </span>
     <span class='ocr_line' id='line_1_41' title="bbox 32 4253 1153 4349; baseline 0.004 -30"><span class='ocrx_word' id='word_1_357' title='bbox 32 4253 205 4345; x_wconf 78' lang='lat' dir='ltr'>lductnrus</span> <span class='ocrx_word' id='word_1_358' title='bbox 227 4253 368 4343; x_wconf 75' lang='lat' dir='ltr'>stilles,</span> <span class='ocrx_word' id='word_1_359' title='bbox 394 4256 450 4349; x_wconf 90' lang='lat' dir='ltr'>qui</span> <span class='ocrx_word' id='word_1_360' title='bbox 471 4255 535 4328; x_wconf 87' lang='lat' dir='ltr'>illio</span> <span class='ocrx_word' id='word_1_361' title='bbox 555 4267 677 4342; x_wconf 88' lang='lat' dir='ltr'>esseut,</span> <span class='ocrx_word' id='word_1_362' title='bbox 704 4255 830 4329; x_wconf 67' lang='lat' dir='ltr'>mneos</span> <span class='ocrx_word' id='word_1_363' title='bbox 851 4255 1088 4346; x_wconf 76' lang='lat' dir='ltr'>Hierosolymo,</span> <span class='ocrx_word' id='word_1_364' title='bbox 1115 4265 1153 4324; x_wconf 88' lang='lat' dir='ltr'>ut</span> 
     </span>
    </p>
   </div>
   <div class='ocr_carea' id='block_1_5' title="bbox 32 4359 833 4520">
    <p class='ocr_par' dir='ltr' id='par_1_5' title="bbox 32 4359 833 4520">
     <span class='ocr_line' id='line_1_42' title="bbox 32 4359 209 4432; baseline 0.017 -6"><span class='ocrx_word' id='word_1_365' title='bbox 32 4359 209 4432; x_wconf 74' lang='lat' dir='ltr'>unireutno</span> 
     </span>
     <span class='ocr_line' id='line_1_43' title="bbox 771 4455 833 4520; baseline 0 -33"><span class='ocrx_word' id='word_1_366' title='bbox 771 4455 810 4520; x_wconf 72' lang='lat'>27</span> <span class='ocrx_word' id='word_1_367' title='bbox 821 4460 833 4487; x_wconf 61' lang='grc' dir='ltr'>ι</span> 
     </span>
    </p>
   </div>
   <div class='ocr_carea' id='block_1_6' title="bbox 0 0 1354 4844">
    <p class='ocr_par' dir='ltr' id='par_1_6' title="bbox 0 0 1354 4844">
     <span class='ocr_line' id='line_1_44' title="bbox 0 0 1354 4844; baseline 0 0"><span class='ocrx_word' id='word_1_368' title='bbox 0 0 1354 4844; x_wconf 95' lang='lat' dir='ltr'> </span> 
     </span>
    </p>
   </div>
  </div>
 </body>
</html>
