2754 4864
492 227 495 234 ¹
547 217 678 286 oorur
695 219 740 288 x,
1154 197 1214 292 sis

76 339 130 404 ilie
146 335 294 400 schmto
313 356 351 398 ue
366 336 517 398 minimum
543 337 660 419 quidem
679 355 804 418 unguem
824 335 947 400 defleat.
967 337 1067 419 Quom
1086 336 1217 403 andimus

76 421 220 482 mrdmdo
244 417 336 496 recipi
360 419 571 492 remissionem,
599 419 644 478 ris
672 425 703 478 et
726 425 829 480 nutura
852 417 919 479 fidei
944 420 1067 481 tenendo
1093 426 1159 492 est‚‘
1180 422 1216 482 si-

78 501 139 562 euti
161 497 263 580 procul
289 496 376 557 duhio
401 499 519 578 copiose
543 497 676 559 disseruit
694 496 806 570 Petrus,
825 498 947 578 qualiter
966 497 1082 560 Christe
1100 499 1215 560 creden·
1282 497 1297 562 ’.

78 581 149 644 dum
173 580 219 638 sit.
263 575 330 638 Hoc
354 583 453 636 eutem
475 574 547 637 nihil
571 578 648 638 atiud
672 583 731 652 est,
754 596 843 658 quem
866 579 977 639 siucero
1002 579 1090 640 enimi
1112 579 1217 640 affeetu

76 677 145 720 eum
163 657 307 738 amplecti,
325 657 419 736 quatis
442 657 473 716 iu
491 655 648 738 Evangelio
667 659 845 739 proponitur.
886 657 928 717 lto
948 658 1019 719 fides
1037 678 1076 719 ex
1115 659 1215 719 romis-

76 737 205 800 siouihus.
222 737 336 818 pendet.
358 734 479 796 Videtur
498 744 593 798 tumen
612 757 760 818 perperam
779 736 873 798 fecere
891 735 1006 814 Petrus,
1023 757 1082 820 quo
1121 759 1213 822 quum

77 819 134 878 duo
159 819 313 899 praecipua
334 815 466 876 Chrishrs
485 817 568 876 uohis
586 817 727 891 attulerit,
744 819 859 878 nonnisi
877 817 997 879 alterum
1017 838 1055 880 ex
1074 817 1119 878 his
1138 837 1215 878 com-

76 905 225 960 memorat.
270 893 357 957 Nullo
388 893 466 956 euim
490 897 538 957 hic
561 898 750 976 poenitentioe
773 903 803 956 ct
825 917 918 958 novoe
941 899 1016 969 vitae
1040 898 1075 960 fit
1098 900 1217 972 mentio,

78 975 372 1118 timii
388 977 1217 1118 ididoth*“stituittthitttthifflitti

78 1137 142 1198 eius
159 1143 205 1198 est
223 1101 347 1196 effectis.
373 1077 468 1196 gNem
491 1136 557 1198 ideo
577 1077 718 1196 credimus
736 1138 766 1196 io
787 1134 947 1215 Christum,
977 1077 1086 1218 paffipp
1100 1144 1134 1198 ut
1149 1079 1216 1220 ¹gros·
1279 1173 1281 1176 ν

79 1218 152 1276 tuito
171 1217 295 1276 iustitiae
313 1216 501 1297 imputatione
520 1218 651 1275 restituet
669 1235 723 1274 nos
741 1216 773 1274 iu
792 1212 886 1276 Putris
905 1215 1040 1296 petiam,
1059 1218 1164 1298 purtim
1183 1223 1218 1277 ut

78 1315 134 1356 nos
152 1293 260 1374 Spiritu
278 1315 332 1354 suo
352 1294 516 1356 sanctificet.
540 1293 579 1362 Et
597 1296 713 1370 seimus,
733 1294 788 1354 huc
806 1295 869 1376 lege
887 1315 942 1356 nos
961 1296 1016 1356 edo
1037 1296 1092 1356 turi
1111 1315 1128 1357 e
1147 1295 1214 1356 Deo

78 1373 210 1450 infilius,
231 1373 295 1434 urs
316 1376 384 1435 iritu
403 1395 457 1436 nos
476 1396 529 1436 suo
550 1375 695 1454 gubernet.
716 1373 872 1514 Setiserqo
887 1374 985 1436 hahuit
1028 1383 1107 1437 otrus
1122 1382 1216 1437 osteu-

78 1455 156 1530 deoe,
174 1475 264 1534 quom
304 1475 322 1514 e
342 1454 490 1530 homiues,
509 1458 560 1534 qui
579 1461 682 1516 nutura
700 1473 718 1514 u
738 1453 803 1514 lieo
824 1455 937 1516 oieeuti
956 1461 1047 1530 erent,
1067 1473 1134 1515 cum
1152 1455 1216 1535 ipso

77 1535 196 1596 redeunt
213 1537 245 1595 iu
265 1535 393 1615 gratim
433 1533 522 1612 Quod
541 1534 578 1594 ud
597 1537 714 1596 tertium
732 1532 893 1596 membrum
912 1536 1043 1614 pertinet,
1063 1551 1122 1594 oon
1142 1553 1217 1614 opus

77 1621 124 1676 est
146 1633 293 1676 recessere
319 1633 419 1675 omues
438 1613 648 1696 Prophetarum
673 1613 769 1688 locos,
793 1613 844 1674 uhi
863 1613 1010 1676 Christum
1030 1613 1217 1675 Mediatorem

78 1701 259 1776 proponunt,
279 1695 330 1774 qui
348 1695 462 1754 venium
481 1695 726 1776 peccatisnostris
745 1693 923 1774 impetrando
933 1693 1030 1754 Deum
1048 1693 1132 1753 nohis
1151 1713 1206 1774 pre

70 1775 173 1854 pidet:
190 1773 243 1836 sed
261 1773 333 1835 huee
349 1775 406 1835 iliis
425 1781 562 1856 perpetue
580 1780 625 1834 est
644 1773 763 1834 docendi
782 1773 854 1832 retio
868 1775 988 1854 etquusi
1001 1773 1098 1854 regulo
1109 1772 1218 1854 utpios

79 1873 179 1914 omnes
201 1854 238 1914 ud
262 1853 364 1916 foedus
386 1852 459 1915 illud
480 1861 632 1928 revocent,
660 1853 740 1934 quod
763 1851 845 1912 Deus
870 1850 1026 1914 Mediatore
1049 1853 1218 1932 interposito

78 1953 147 1994 uum
169 1933 315 1995 Abraham
338 1935 493 2016 pepigerat.
538 1933 631 1995 Porro
655 1932 713 1995 hoc
737 1937 825 2014 ceput
850 1934 966 2011 cognitu
984 1931 1070 1993 veide
1088 1949 1217 1992 necesse-

79 2016 155 2074 uium
174 2021 227 2090 est,
247 2014 377 2074 Grotisrn
396 2032 471 2094 quse
489 2013 616 2074 exhibitu
635 2013 752 2073 demum
771 2031 789 2074 u
808 2009 922 2072 Chrisio
941 2011 997 2072 fuit
1015 2010 1218 2082 sardensem,

80 2112 168 2175 ‘im
185 2093 248 2154 Iex
272 2101 302 2154 et
320 2092 482 2174 Prophetae
506 2094 576 2154 olim
594 2091 726 2153 Patribus
746 2093 915 2172 sperandum
933 2090 1091 2152 tradebant.
1129 2087 1218 2149 Pres-

80 2174 178 2234 sertim
201 2173 280 2254 opud
299 2172 467 2244 Cornelium
490 2179 522 2233 et
545 2173 651 2232 similes
675 2171 832 2252 plurimum
856 2169 985 2243 valebat,
1010 2167 1164 2250 quilegie
1188 2173 1218 2228 et

81 2252 291 2334 Propheturum
317 2255 476 2314 reverentie
495 2251 597 2313 imbuti
621 2259 716 2325 eruut,
741 2257 775 2310 ut
793 2252 899 2312 scireut
921 2251 952 2310 in
971 2247 1087 2310 Christo
1106 2267 1139 2308 re
1157 2249 1220 2330 ipsu

81 2329 247 2414 praestitum
271 2351 306 2394 uo
329 2333 505 2414 completum
528 2351 605 2407 esse,
636 2331 715 2412 quod
740 2328 948 2412 Prophetarum
979 2322 1100 2390 omurlis
1129 2333 1218 2390 tosto-

81 2421 144 2475 tum
164 2414 266 2474 iceret.
309 2409 387 2494 Ergo
413 2418 446 2474 ut
467 2412 589 2472 ministri
613 2411 757 2471 Ecclesiae
776 2413 1001 2472 consentientem
1020 2409 1144 2470 hoheunt
1167 2406 1219 2468 do·

63 2492 166 2556 'uendi
190 2493 310 2552 iorurem
325 2501 400 2553 'oum
423 2489 590 2574 Prophetis,
616 2489 764 2552 Christum
790 2510 844 2550 suo
867 2490 1020 2572 praeconio
1040 2503 1142 2549 ornere
1160 2493 1219 2548 stu·
1319 2530 1321 2538 ,

82 2571 183 2646 deaut,
207 2571 481 2633 sorduetsstentur
498 2570 541 2630 uh
565 2589 603 2631 eo
626 2591 685 2631 uuo
708 2570 861 2652 petendam
884 2589 947 2630 esse
971 2569 1121 2642 iustitium,
1146 2585 1220 2648 quse

81 2653 207 2733 metuito
229 2659 412 2732 peecatorum
435 2651 603 2712 missione
627 2657 747 2712 constat.
787 2649 867 2711 Haec
886 2650 972 2730 louge
996 2651 1052 2710 aiis
1076 2654 1120 2710 est
1138 2653 1219 2708 vetu-

81 2739 159 2806 sus,
178 2751 265 2812 quam
284 2751 359 2813 quse
376 2751 404 2793 xe
422 2729 546 2812 Pepistis
575 2730 740 2792 ostenditur,
759 2749 826 2792 eum
851 2749 954 2811 meque
979 2728 1125 2803 iaetantia,
1150 2727 1221 2788 dum

78 2833 137 2910 pro
161 2811 305 2893 sauguinis
329 2811 438 2874 Christi
463 2812 555 2892 pretio
580 2811 678 2893 putide
702 2811 928 2874 sutisiuetiouum
946 2829 1064 2872 suorum
1082 2807 1220 2890 figmento

76 2899 224 2975 ungerunt.
344 2904 417 2982 ⁸.

67 3111 77 3120 ·
171 3083 226 3160 44.
271 3089 387 3160 Adhuc
424 3089 577 3183 loquente
605 3089 701 3158 Petro
736 3091 832 3158 verba
864 3089 959 3171 hoec,
992 3089 1140 3180 delapsus
1172 3099 1223 3156 est

77 3197 220 3290 Spiritus
260 3209 387 3279 sanctus
425 3221 521 3289 super
559 3219 686 3278 omncs,
731 3195 787 3286 qui
824 3195 993 3264 eudiehuut
1025 3215 1222 3262 sermonem:

78 3299 138 3374 45.
161 3301 205 3372 hs
226 3304 474 3397 obstupuerunt,
502 3305 556 3394 qui
580 3325 621 3370 ex
644 3299 882 3370 circumcisione
903 3309 992 3368 eraut
1012 3297 1132 3384 fideles,
1154 3297 1220 3390 qui·

78 3433 212 3500 cunque
239 3421 399 3486 venerunt
418 3433 492 3478 eum
514 3408 627 3493 Petro,
653 3405 742 3500 quod
765 3405 859 3475 etium
880 3429 977 3498 super
998 3405 1117 3474 Gentes
1138 3403 1223 3472 dono

77 3517 184 3588 suncti
204 3516 342 3608 Spiritus
375 3515 473 3586 effuso
507 3525 622 3598 essent.
677 3507 732 3581 46.
777 3511 956 3581 Audieheut
982 3512 1069 3581 euim
1094 3533 1152 3580 eos
1173 3509 1222 3578 lo·

77 3633 220 3716 quentes
241 3622 369 3714 linguis,
401 3632 435 3691 et
463 3619 673 3714 glorificantes
694 3619 811 3688 Deum.
861 3619 956 3688 Tunc
976 3615 1140 3710 respondit
1161 3615 1221 3684 Pe·-

77 3741 168 3798 trus:
210 3723 266 3802 47.
291 3727 457 3820 Numquid
479 3753 595 3822 aquam
617 3727 785 3821 prohibere
808 3725 880 3818 quis
901 3733 1021 3817 potest,
1049 3721 1222 3815 quominus

77 3835 283 3927 baptizentur
303 3837 338 3904 hi
360 3835 415 3928 qui
436 3835 590 3928 Spiritum
612 3844 802 3926 occeperunt
822 3831 914 3900 sicuti
935 3841 968 3912 et
987 3829 1071 3898 nes?
1092 3817 1243 3897 48.Ius·⁸

76 3941 191 4034 sitque
212 3966 270 4012 eos
290 3941 439 4035 baptizari
460 3941 494 4010 iu
516 3941 646 4012 neurius
667 3939 809 4010 Domini.
830 3937 926 4010 Tunc
946 3943 1097 4030 rogarunt
1106 3933 1223 4030 ipsum,
1290 3977 1293 3986 ι

75 4057 119 4118 ut
140 4057 286 4122 muneret
306 4049 375 4119 dies
394 4047 524 4142 aliquos
753 4040 758 4049 ’

74 4297 77 4304 ,
165 4245 216 4310 hh.
254 4247 365 4310 Amos
392 4251 524 4331 loquore
555 4249 658 4310 Petro.
706 4241 769 4306 im
796 4257 875 4304 novo
902 4237 1041 4303 mimeulo
1071 4239 1224 4308 metonae

76 4321 186 4402 Deus,
215 4325 375 4391 docuinam
397 4325 545 4408 Evangelii
566 4326 612 4388 sui
636 4323 768 4406 gentihus
790 4339 935 4408 pemque
956 4337 992 4382 ee
1013 4317 1126 4383 luderis
1144 4342 1222 4386 oom-
1307 4385 1313 4393 ,

76 4425 206 4470 munem
234 4412 307 4477 esse.
361 4403 501 4490 Adeoque
529 4404 586 4472 too
620 4403 776 4472 rocudeuit
803 4401 930 4487 gundum
957 4401 1068 4487 insigne
1099 4400 1223 4483 tigillum
