2792 4856
534 231 752 336 'carum
1006 246 1008 254 ¹
1191 207 1244 306 ιι

10 327 11 346 ¹
95 371 192 435 quaem
215 349 359 411 mutnet
382 345 602 432 vel‘perturhet
625 348 783 410 communia
804 347 933 410 omnium
950 347 1008 414 tere
1026 349 1159 415 ordinum
1177 353 1230 416 lm·
1288 362 1290 370 ’

99 435 202 515 pietas,
219 439 333 493 mature
352 429 486 490 admonet
504 448 543 490 ex
560 429 658 490 multis
677 427 927 512 quilsraelitamm
945 449 1048 493 nomen
1061 433 1230 506 ohtmdunt,

142 530 208 572 ncos
237 530 301 571 esse
325 507 576 570 vercslsraelitas.
625 506 718 572 Porro
742 507 1230 590 quiahaecetiamGhristianiuni

98 531 229 650 hircino
247 597 311 664 est,
340 607 401 648 non
423 589 520 648 leviter
538 588 759 670 praetereundus
778 593 823 648 eat
840 587 889 650 hic
907 587 998 650 locus.
1045 590 1165 668 Verum,
1194 597 1230 652 ut

96 671 200 752 paucis
217 666 481 730 teneamnstlhristi
498 675 634 743 mentam,
651 668 810 728 notandum
828 674 873 728 est
891 669 993 729 Mass
1011 669 1159 732 sincmitati
1177 689 1229 753 op·

96 751 181 832 pcui.
219 748 352 810 Dolcsos
371 767 438 828 ergo.
453 753 539 808 vocat
558 747 609 828 qui
627 747 693 808 alihi
712 747 844 808 dicuntur
866 747 897 808 in
914 745 1082 830 Scriptura,
1104 749 1142 810 du
1160 750 1229 812 lices

96 830 199 890 corde
239 826 306 888 Nec
328 833 435 888 tantm
458 844 552 888 crassa
575 827 625 888 illa
644 827 804 908 hypocrisis
822 833 948 901 unm,
979 849 1072 910 quum
1091 847 1123 888 se

95 911 186 1050 dim
200 907 419 1047 ’muhntuquti
432 903 509 1046 11ιίίιίΙ
522 906 597 1003 male
617 907 908 1046 ⁰⁰¹i⁸⁰ji=,}·'¹¹¹t}„⁸⁸d
926 907 1089 1047 {rhetiam
1107 908 1234 1048 uter&

99 994 801 1149 „lidiawcffialdidoil
819 1065 850 1126 u
872 1005 978 1142 Ἥ,
999 993 1233 1148 howim-

103 1167 161 1208 ια
177 1145 311 1208 rectitudo
331 1143 525 1206 Christianum
543 1145 625 1205 tacit:
640 1145 695 1206 sed
713 1145 864 1227 praecipue
903 1145 982 1206 olum
999 1145 1082 1206 illnm
1100 1143 1234 1206 Christus

101 1232 199 1300 notat,
226 1226 306 1287 cuins
330 1225 439 1285 mentio
452 1224 498 1286 -lit
516 1223 631 1286 Psalmo
651 1230 704 1299 32,
722 1229 752 1288 2.
790 1231 914 1302 Asuada,
942 1223 990 1286 hic
1007 1226 1073 1306 plns
1092 1223 1234 1308 significat

99 1303 294 1386 qnamcnte.
332 1303 386 1365 Est
405 1305 520 1384 quidem
533 1304 650 1366 Graccis
669 1323 754 1388 saepe
774 1305 897 1386 simplex
915 1304 1075 1380 affirmatio,
1093 1304 1144 1366 sed
1163 1303 1232 1386 quta

96 1386 152 1447 hic
168 1387 241 1446 inter
258 1405 321 1446 rem
339 1391 369 1446 st
387 1383 498 1446 nudum
516 1385 631 1446 titulum
650 1385 844 1446 subaudienda
861 1391 906 1447 cst
924 1384 1079 1460 antithesis,
1103 1403 1172 1447 vere
1190 1383 1231 1446 di·

101 1467 177 1525 citnr
195 1483 266 1539 csse,
285 1465 337 1544 qni
355 1484 387 1525 re
405 1465 468 1544 ipsa
486 1470 530 1525 est
570 1465 643 1528 calu
661 1471 801 1526 censetm.

181 1545 229 1608 48.
265 1545 349 1605 Unde
366 1567 412 1604 nse
430 1553 518 1605 costi.
655 1545 698 1606 vis
716 1545 758 1604 illi
776 1543 896 1606 blandiri
914 1543 1003 1620 nolet,
1027 1544 1117 1605 audiri
1134 1549 1232 1606 umen

101 1623 141 1684 ah
163 1642 199 1685 eo
222 1625 328 1700 voluit,
357 1629 390 1682 ut
418 1643 532 1684 novam·
552 1625 801 1706 interrogationem
823 1626 952 1700 eliceret,
982 1626 1029 1685 cui
1057 1623 1232 1705 respondens

103 1701 237 1784 probaret
264 1723 296 1764 se
324 1701 416 1763 filium
440 1701 504 1763 Dei.
553 1701 619 1764 Non
648 1703 753 1764 frustra
776 1711 872 1766 autem
893 1705 1050 1785 interrogat
1072 1701 1233 1764 Nathanael

100 1782 179 1843 unde
207 1789 295 1844 notus
319 1783 357 1843 rit
375 1781 499 1844 Christo.
548 1779 622 1844 Nam
645 1783 769 1844 hominis
791 1789 852 1844 tam
874 1786 977 1846 sinceri
995 1784 1046 1864 qui
1065 1783 1144 1844 omni
1163 1782 1232 1844 dolo

98 1881 212 1923 vacuus
237 1864 287 1935 sit,
314 1880 412 1923 rarum
435 1869 479 1922 est
502 1863 680 1943 exemplum,
708 1871 739 1924 ct
754 1863 834 1924 illam
852 1865 1006 1946 punitatem
1025 1863 1117 1924 cordia
1136 1881 1233 1938 nosse

97 1941 220 2004 nonnisi
235 1939 295 2000 Dei
312 1949 365 2002 est
405 1940 572 2016 Caeterum,
594 1941 700 2003 Christi
721 1963 768 2004 res
788 1944 869 2004 onsio
891 1943 1006 2004 videtum
1024 1962 1126 2024 parum
1145 1959 1233 2024 appo·

10 2059 12 2092 ,
98 2022 174 2079 sita.
210 2017 312 2098 Neque
331 2020 409 2077 enim
427 2017 670 2087 eiNathanaelem
688 2021 740 2080 suh
760 1964 818 2082 tion
835 2022 922 2094 videt,
940 2022 1166 2104 penetrarejdeo
1175 2040 1232 2159 Bo-

1206 2119 1235 2160 es

10 2101 12 2124 '
100 2099 166 2158 tuit
184 2097 216 2156 in
236 2099 305 2156 altas
325 2097 419 2156 cordis
436 2096 566 2156 latebras.
609 2097 719 2156 Verum
742 2099 858 2160 aliaest
874 2103 960 2160 ratio:
988 2120 1056 2160 nam
1075 2102 1158 2160 sicuti

10 2181 12 2200 ³
97 2177 259 2259 proprium
278 2181 322 2235 cst
341 2193 513 2256 cognoscere
532 2173 660 2233 homines
683 2193 830 2255 nunquam
851 2179 943 2250 visos,
968 2179 1009 2238 ira
1031 2181 1116 2238 ,fiam
1138 2179 1235 2238 vige„

97 2275 182 2338 qnae
202 2255 292 2316 oculis
310 2273 370 2314 non
390 2259 536 2334 apparent.
577 2251 677 2330 Quum
696 2273 765 2335 ergo
785 2254 868 2316 sciret
881 2252 1038 2315 Nathanael
1057 2273 1090 2314 ω
1106 2275 1166 2315 ῃοῃ
1183 2255 1238 2318 hu,

99 2355 191 2396 mano
216 2353 296 2393 more
319 2334 414 2392 visum
438 2333 526 2392 fuisse
546 2350 562 2392 a
583 2333 712 2407 Christo,
741 2334 792 2393 sed
816 2353 884 2394 vere
904 2334 1002 2394 divino
1023 2334 1141 2408 iutuitu,
1169 2333 1238 2395 hinc
1327 2399 1334 2412 ¹

10 2399 11 2492 ζ
103 2414 238 2496 mugen
256 2413 427 2494 poenitum
446 2411 610 2472 humantur
628 2413 686 2472 ram
705 2413 800 2494 ipsum
818 2413 908 2494 loqui.
955 2412 1009 2476 uss
1029 2415 1116 2495 igitur
1132 2413 1236 2495 proua-

103 2496 148 2553 tio
164 2513 203 2554 ex
220 2492 335 2574 parihus
359 2498 481 2572 smupta
531 2487 632 2572 Neque
656 2493 732 2553 euim
756 2494 850 2552 minus
869 2495 901 2553 in
920 2490 1017 2554 Deum
1036 2495 1173 2590 competit
1190 2493 1234 2554 vi·

10 2635 11 2654 ,
106 2573 175 2632 dere
191 2592 265 2654 quae
285 2577 352 2630 eunt
370 2577 451 2631 extra
470 2578 663 2652 conspectum,
683 2591 770 2654 quam
788 2572 824 2632 dc
843 2573 937 2633 cordis
955 2575 1079 2655 puritate
1096 2573 1232 2634 redictum

10 2667 12 2688 ¹
104 2653 188 2712 lenc.
227 2650 392 2732 colligenda
416 2657 562 2732 praetereo
585 2657 629 2712 est
651 2671 689 2712 ex
711 2651 769 2712 hoc
786 2635 851 2713 loci
870 2653 948 2713 utilis
967 2653 1110 2714 doctrinas
1140 2673 1232 2734 quum
1284 2685 1295 2696 ·

104 2732 144 2792 de
162 2729 276 2792 Christo
295 2731 410 2790 nrinimc
429 2732 598 2812 cogitamus,
621 2729 658 2792 ah
681 2732 745 2814 ipso
764 2751 818 2794 uos
837 2733 975 2817 conspici:
1004 2740 1092 2816 atquc
1110 2735 1151 2797 ita
1168 2731 1233 2796 lieri

102 2831 222 2874 necesse
239 2816 292 2885 cst,
310 2816 344 2870 nt
363 2829 477 2871 aversos
494 2810 619 2871 reducat

185 2891 234 2954 49.
257 2893 306 2952 To
320 2913 350 2950 ss
360 2893 451 2969 filtra
458 2893 526 2951 Dec
547 2887 636 2968 Quod
655 2909 693 2951 cx
711 2889 806 2952 divina
845 2893 953 2954 olentia
971 2892 1064 2954 lilium
1073 2890 1130 2954 Dei
1144 2909 1232 2974 ugnc-

105 2969 171 3046 cu't,
187 2990 248 3030 uon
265 2970 370 3030 mirum
386 2976 438 3030 ast
477 2969 535 3032 Sed
556 2989 613 3050 qua
631 2971 741 3031 ratione
758 2911 869 3032 laniis
888 2992 986 3053 regem
1004 2976 1108 3033 vocat?
1136 2993 1156 3032 n

105 3051 184 3110 enim
201 3069 247 3111 res
266 3049 433 3110 coniunctae
449 3048 592 3124 videntur,
610 3049 661 3110 sed
669 3048 827 3112 Nathanael
844 3053 928 3114 altius
942 3052 1071 3134 respicit:
1090 3053 1149 3112 iam
1189 3069 1233 3110 es·

105 3131 179 3190 siam
196 3149 258 3189 esse
276 3128 433 3189 audiverat:
462 3127 529 3188 huic
553 3129 697 3189 doctrinae
716 3129 975 3208 confimationsn,
999 3149 1074 3210 qnae
1094 3130 1160 3189 dala
1179 3135 1235 3202 cst,
1278 3177 1286 3202 ,

109 3209 254 3270 sohncctit.
293 3207 385 3269 Tenet
402 3209 487 3268 etiam
506 3208 583 3267 aliud
601 3209 780 3290 principium,
809 3231 869 3270 nun
887 3228 950 3272 esse
969 3217 1122 3271 venturum
1141 3202 1233 3269 titium

110 3285 177 3361 Da',
201 3288 254 3348 nisi
282 3295 368 3347 ntae
386 3285 574 3380 Deilpopulo
597 3307 695 3367 regem
717 3295 849 3369 praestet.
897 3289 1001 3350 Merito
1019 3291 1234 3370 itaqueregem

109 3367 218 3428 israelis
235 3367 349 3441 fatetur,
410 3366 417 3382 ’
438 3363 512 3422 uuus
526 3361 583 3423 Dei
601 3373 653 3424 est.
681 3365 721 3424 Et
739 3373 816 3425 certe
833 3367 905 3429 tides
923 3377 985 3430 ucn'
1001 3370 1031 3428 in
1050 3369 1111 3429 sola
1126 3367 1236 3427 Christi

107 3448 227 3508 essemia
246 3451 294 3523 (ut
312 3448 353 3506 ita
383 3465 400 3504 o
443 3442 486 3520 ar)
505 3441 621 3501 haerere
640 3443 733 3517 dehet,
758 3444 809 3501 sed
826 3445 886 3502 eine
903 3447 1040 3507 virtrstem
1058 3453 1088 3505 et
1106 3445 1236 3511 officium

108 3527 261 3588 altendne.
278 3545 382 3608 pamm
399 3522 476 3584 enim
494 3519 641 3602 prodesset
659 3521 732 3580 scire
751 3521 880 3600 quisnam
899 3524 1085 3595 sitChn‘stus,
1103 3523 1159 3583 nisi
1177 3523 1236 3582 hcc

107 3607 265 3666 secundnm
283 3603 443 3677 accederet,
472 3600 565 3684 qualis
588 3619 655 3681 erga
678 3619 733 3661 nos
751 3619 813 3661 csse
830 3600 915 3674 volit,
944 3608 975 3664 ct
991 3603 1023 3660 in
1042 3619 1128 3680 quem
1147 3600 1235 3664 linem

107 3687 211 3746 niseus
230 3686 316 3744 luerit
334 3703 352 3742 a
369 3681 463 3742 Patre.
506 3680 581 3740 Hinc
600 3679 707 3742 lactum
726 3688 771 3742 est
789 3688 822 3742 ut
840 3679 972 3762 Papistac
990 3681 1103 3742 nonnisi
1122 3681 1233 3745 umhra-

107 3765 189 3825 tilem
212 3763 358 3826 Christum
380 3762 515 3836 habeant,
544 3762 612 3842 quia
639 3761 747 3824 nudam
770 3762 921 3824 essentiam
944 3760 1155 3844 apprchendere
1176 3764 1233 3826 illis

109 3863 196 3905 cunae
213 3844 282 3916 luit:
311 3861 429 3922 reguum
448 3861 517 3901 vero
537 3845 607 3914 cius,
627 3843 706 3922 quod
725 3843 856 3904 servandi
874 3843 981 3903 virtute
999 3850 1118 3922 constat,
1135 3846 1233 3928 negle·
1270 3856 1275 3862 '

108 3931 222 3984 xerunt.
266 3923 358 3983 Porro
377 3921 455 4002 quod
472 3918 581 4002 Regem
599 3921 708 3984 Israelis
727 3922 873 4003 praedicat
890 3921 1061 4002 Nathanael,
1089 3927 1171 3988 cuins
1189 3933 1233 3987 ta-
1290 3975 1294 3986 .

108 4024 176 4064 men
269 4023 319 4062 nm
342 4001 378 4061 ad
401 4007 543 4061 extremos
567 4021 658 4082 usquo
680 4001 779 4062 mundi
798 4001 869 4064 linea
888 4005 1061 4081 extenditur,
1091 4006 1232 4068 mniessio

107 4089 153 4144 est
171 4082 208 4142 ad
248 4083 293 4142 dei
311 4099 473 4142 mensuram
491 4077 587 4142 finiu·
622 4078 750 4142 Necdum
770 4084 847 4143 cutim
865 4103 900 4144 eo
919 4105 1085 4168 progressus
1104 4094 1180 4161 erat,
1198 4093 1233 4148 nt

107 4164 195 4222 sciret
213 4161 269 4222 toli
287 4160 393 4220 mundo
412 4159 582 4220 dmtinatum
600 4178 663 4222 ease
681 4159 802 4243 Regem,
826 4161 874 4223 vel
895 4168 989 4246 potine
1008 4167 1134 4245 undique
1152 4165 1232 4225 colli-

106 4241 218 4324 gmdos
236 4259 298 4302 esse
316 4237 447 4300 Abrahae
464 4237 553 4315 filios,
578 4246 612 4301 nt
629 4247 708 4300 totus
726 4243 850 4304 mundus
869 4251 943 4307 emet
959 4245 1045 4305 lsrael
1065 4243 1131 4305 Dei.
1171 4243 1242 4304 Ncs‘

106 4319 216 4402 quihus
234 4319 373 4401 patefacta
391 4324 436 4379 est
454 4317 658 4461 reffifflisti
675 4322 842 4402 amplitudo,
861 4321 911 4385 has
930 4326 1073 4404 angustias
1092 4325 1232 4382 transilire

105 4400 253 4464 convertit.
300 4397 409 4461 Interea
431 4395 476 4463 Na
589 4399 596 4416 '
635 4401 767 4485 exemplo
789 4401 876 4463 iidem
898 4409 1026 4466 nostram
1048 4419 1232 4462 cameramos
