2810 4850
174 259 195 318 2
559 245 760 310 leavalle.
780 246 911 311 lOANN.

179 375 215 434 sit
232 370 345 432 relatioz
364 365 442 449 prior
461 364 496 424 ad
515 361 620 439 Deum,
639 365 727 426 altera
746 363 782 424 ad
800 364 937 447 homines.
977 361 1121 440 Servetur,
1141 361 1308 444 superbissi-
1395 353 1396 362 ¹

179 472 243 512 mus
262 471 300 510 ex
319 454 402 528 geute
420 444 570 524 Hispanico
589 443 703 516 nebulo,
722 451 869 506 aeternum
888 444 965 504 hune
984 441 1150 502 Sermonem
1170 449 1240 502 tune
1258 443 1309 503 de·

180 551 259 592 mum
270 535 401 588 exortura
412 538 472 584 esee
484 523 573 604 srrrgit,
592 544 681 603 quum
690 525 720 583 in
729 525 828 583 mundi
837 523 979 584 creatione
989 527 1117 582 exsertus
1136 529 1188 582 cst.
1215 521 1312 600 Quasi

174 627 251 670 ‘vero
269 629 328 668 non
346 606 425 686 prius
443 603 542 676 luerit,
588 623 653 662 uam
671 605 762 663 virtus
786 604 847 664 eius
867 610 985 664 externo
1005 622 1023 661 o
1075 621 1092 662 e
1110 601 1165 662 fuit
1184 603 1310 682 cognita.

181 689 279 769 Longe
302 685 376 746 aliud
400 683 447 743 hic
470 682 554 741 docet
602 681 768 762 vangelistae
799 703 892 762 noque
921 683 996 742 enim
1047 681 1157 742 ermoni
1185 683 1314 761 assignat

182 767 318 848 temporis
336 763 454 834 initium,
474 762 523 820 sed
542 761 577 820 ab
596 761 676 820 initio
686 762 771 822 fuisse
781 761 886 836 diesne,
904 761 1016 822 saecula
1025 761 1119 820 omnia
1127 760 1312 821 transcendit.

182 848 243 910 Nec
261 865 307 906 me
325 845 393 904 latet
412 840 481 920 quid
500 841 620 900 oblatret
638 841 685 899 hic
704 842 790 914 cenis,
809 847 839 901 et
858 841 927 922 quid
946 841 1014 900 olim
1033 839 1157 901 caviliati
1175 842 1232 900 sint
1244 837 1314 900 Ari·

183 929 243 988 ani:
269 942 371 1003 nempe
389 919 485 980 Deum
504 939 612 980 creasse
632 922 769 1002 principio
795 921 906 980 eoelum
925 928 955 980 et
973 927 1094 994 terram,
1118 938 1192 999 quae
1214 927 1315 978 tamma

183 1014 297 1068 aeterna
312 1021 370 1062 non
390 1001 459 1060 sint:
484 1001 551 1080 quia
570 1004 676 1061 Priuer·
697 1009 719 1060 ii
737 1020 841 1060 nomen
860 1001 949 1080 magis
968 1001 1005 1058 ad
1025 1001 1152 1058 ordinem
1170 999 1315 1079 respiciat,

183 1085 270 1166 (prom
288 1081 481 1140 aeternitatem
499 1079 633 1160 designet.
672 1023 733 1140 dee
750 1080 825 1140 banc
844 1080 1013 1140 calumniam
1031 1076 1212 1160 Evangelisla
1230 1097 1314 1159 pree-

183 1165 276 1236 veulit,
296 1179 385 1240 quum
406 1158 471 1217 dicii
490 1157 577 1218 luisse
595 1158 672 1240 apud
680 1158 786 1220 Deum.
827 1159 859 1219 Si
879 1177 896 1218 a
914 1165 1043 1239 tempore
1061 1159 1156 1239 coepit
1174 1155 1314 1218 esseSer-

183 1263 241 1317 mo,
260 1241 384 1320 aliquam
402 1237 506 1298 inDeo
525 1246 686 1318 temporum
707 1239 807 1300 seriem
826 1239 969 1298 invenient
987 1255 1102 1298 neccsse
1120 1243 1173 1298 est.
1210 1235 1249 1297 Et
1267 1253 1314 1294 sa·

180 1341 220 1383 nc
244 1320 298 1378 bae
321 1318 460 1399 pamicula
486 1319 651 1377 nominatim
677 1318 834 1379 discerncre
857 1318 949 1376 voluit
967 1338 1034 1378 emn
1052 1317 1171 1378 loannes
1190 1337 1208 1376 a
1227 1315 1315 1375 rebus

184 1399 315 1462 omnibus
338 1400 447 1458 creatis.
480 1395 623 1458 'Poterant
645 1399 721 1458 enim
743 1399 834 1458 multa
857 1398 955 1458 venire
978 1399 1009 1458 in
1027 1404 1166 1457 mentem:
1195 1395 1317 1455 ubinam
1396 1394 1397 1464 ζ

183 1486 258 1540 essct
271 1477 373 1537 Sermo
392 1477 457 1552 ille,
476 1478 620 1557 quomodo
639 1481 698 1538 vim
718 1499 799 1538 suam
818 1483 975 1550 exsereret,
994 1477 1074 1536 euius
1092 1483 1167 1536 esset
1185 1483 1316 1544 naturae,

183 1558 259 1618 unde
278 1557 409 1637 cognosci
428 1563 533 1637 posset.
573 1555 665 1638 Negat
687 1560 773 1639 igitur
795 1558 825 1616 in
844 1557 951 1616 mrurdo
976 1561 1005 1615 et
1023 1555 1107 1616 rebus
1126 1557 1228 1616 creatis
1246 1553 1316 1612 hae-

182 1636 303 1699 rendum
322 1655 397 1696 esse:
417 1636 485 1716 quio
504 1655 615 1717 semper
634 1641 701 1699 Deo
720 1637 888 1718 conjunctus
906 1636 1001 1710 suerit,
1019 1641 1171 1714 antequam
1189 1633 1317 1693 mundes

183 1721 317 1778 exstaret.
357 1713 441 1774 Nunc
465 1717 513 1794 qui
533 1717 708 1799 Principium
727 1718 763 1778 ad
783 1717 854 1778 coeli
873 1723 903 1776 et
921 1722 1012 1776 terrae
1031 1715 1168 1795 originem
1185 1713 1317 1786 trahunt,

184 1816 280 1856 annon
300 1791 446 1854 (bustum
469 1796 529 1856 redi
622 1799 652 1858 in
675 1817 856 1857 communem
874 1795 973 1856 ruunrli
993 1794 1128 1867 ordinem,
1151 1812 1170 1852 a
1193 1811 1253 1871 quo
1273 1791 1318 1850 di-

185 1883 259 1936 serte
278 1874 325 1934 hic
343 1875 495 1935 eximitur?
530 1803 601 1954 &dd
619 1879 650 1937 in
667 1899 699 1937 re
717 1897 776 1937 non
794 1884 905 1938 tantum
923 1873 984 1936 filio
997 1873 1052 1934 Dei
1067 1880 1192 1934 atrocem
1206 1871 1321 1930 iaciunt

184 1956 324 2030 iniuriam,
344 1954 394 2014 sed
414 1961 528 2015 aeterno
548 1977 664 2036 quoque
682 1956 840 2032 eiusPatri,
860 1977 945 2038 quem
964 1954 1098 2036 sapientia
1118 1971 1169 2012 sua
1187 1951 1317 2032 privant.

185 2033 218 2094 Si
227 2033 324 2095 Deum
343 2035 392 2093 abs
433 2053 450 2095 e
469 2056 520 2096 sua
539 2037 675 2116 sapientia
692 2037 840 2119 imaginari
858 2037 937 2097 nelos
956 2042 1007 2109 est,
1026 2033 1236 2113 laterioportet‚
1254 2047 1320 2086 non

185 2113 252 2174 alibi
271 2133 395 2194 qnacren
475 2114 621 2176 Sermonis
640 2117 791 2198 originem,
809 2135 895 2198 quarn
914 2118 945 2176 in
963 2122 1076 2175 aeterna
1094 2111 1152 2171 Dei
1170 2108 1317 2190 sapientia.

184 2190 300 2274 Excipit
308 2193 454 2267 Servetur,
474 2215 532 2254 nou
542 2197 621 2275 prius
630 2196 830 2276 comprehendi
840 2196 1008 2256 Sermonem
1017 2211 1110 2274 posse,
1129 2193 1216 2268 quant
1265 2207 1321 2246 um

184 2270 266 2332 Deus
286 2291 304 2331 a
322 2271 403 2332 lllose
421 2272 541 2352 loquens
560 2275 709 2333 inducitur.
744 2273 835 2351 Quasi
854 2293 923 2332 vcro
941 2291 1002 2330 nou
1020 2269 1175 2330 substiterit
1193 2269 1222 2326 in
1269 2285 1321 2340 eo,

185 2351 254 2431 quia
272 2351 367 2430 palam
384 2371 444 2410 non
462 2355 593 2412 innotuit
623 2352 687 2416 Hoc
705 2357 758 2424 est,
777 2352 858 2428 quasi
876 2370 934 2408 non
953 2345 1142 2422 incutimus,
1162 2349 1252 2408 donee
1265 2365 1320 2406 ex-

184 2437 231 2489 tra
248 2429 363 2506 prodire
381 2430 492 2522 coepit..
515 2429 573 2490 Sed
592 2448 690 2488 ansam
703 2431 808 2488 insum
817 2428 955 2489 eiusmodi
966 2428 1214 2509 deliriispmeeidit
1222 2425 1319 2484 Evan-

186 2507 293 2588 gelista,
313 2523 404 2584 quum
421 2526 480 2566 erne
499 2510 666 2588 exceptione
684 2507 818 2584 adimat,
838 2507 1008 2568 Sermonem
1022 2503 1322 2588 luisseapudDeum:

185 2604 254 2647 nam
278 2583 314 2642 ab
334 2583 465 2644 omnibus
489 2591 651 2667 temporum
675 2589 826 2648 monentis
845 2594 943 2668 aperte
961 2607 1015 2647 nos
1033 2583 1159 2648 revocat.
1199 2585 1259 2663 Qui
1279 2603 1322 2646 ex
1397 2581 1398 2596 ¹

186 2671 316 2744 tempore
335 2662 415 2724 verbi
433 2665 597 2746 imperfecto
617 2667 753 2748 eolligunt
776 2674 946 2748 perpetum
964 2673 1085 2743 etatum,
1103 2687 1163 2726 non
1181 2667 1248 2726 salis
1267 2664 1321 2724 lir-

187 2762 235 2804 ma
253 2743 361 2823 ratione
379 2744 527 2805 nituntur·
550 2745 678 2807 Verbum
695 2747 775 2825 Erat,
795 2749 936 2827 inquiunt,
955 2749 1118 2808 continuam
1136 2746 1238 2806 seriem
1257 2763 1323 2804 ma-

188 2823 231 2903 gis
255 2822 403 2902 exprimit,
431 2843 518 2904 quam
547 2827 572 2886 si
595 2827 712 2888 dixisset
735 2826 854 2888 loannes
872 2825 947 2886 Fuit.
987 2824 1046 2886 Sed
1068 2828 1100 2886 in
1122 2827 1209 2886 tantis
1230 2823 1322 2884 rebus

187 2901 279 2982 magis
297 2901 386 2960 solide
404 2905 657 2984 argumentandum
676 2915 729 2968 est
758 2907 833 2967 llled
850 2913 947 2968 autem
965 2927 1055 2967 unum
1088 2905 1146 2966 uod
1160 2905 1241 2964 attuli
1259 2903 1322 2962 sul-

8 3021 9 3028 1
129 2989 134 2999 '
187 2980 275 3042 licere
293 2979 374 3040 nobis
393 2982 490 3058 debet,
515 2987 593 3064 quod
610 2984 790 3070 Evangelista
815 3007 868 3048 noe
892 2988 1054 3046 iresterna
1119 2985 1234 3063 iadyta
1252 2985 1322 3042 mit-

188 3061 233 3136 tit,
253 3065 284 3118 ut
303 3060 360 3120 illic
379 3061 500 3124 sciamus
538 3067 599 3126 uasi
618 3067 813 3127 absconditum
832 3067 919 3126 luism
928 3062 1105 3139 Sermonem,
1124 3071 1275 3142 antequam
1286 3082 1324 3122 ὅθ

189 3142 220 3200 in
237 3145 360 3234 ‘externa
383 3141 482 3202 mundi
504 3141 531 3202 fa
552 3147 610 3204 rica
629 3148 799 3226 patefecerit.
835 3145 927 3206 'Recte
945 3165 1013 3226 ergo
1032 3143 1220 3226 Augumuo
1239 3141 1322 3223 Prin·

757 3247 1307 3366 n

190 3377 232 3436 ria
250 3377 381 3457 spoliant,
400 3381 450 3460 qui
511 3403 559 3442 nm
569 3389 627 3444 tem
648 3326 851 3466 dispunctam
859 3327 1055 3466 llrragiudntun
1075 3323 1324 3466 quosapiendam

189 3474 280 3596 ‘ciffi
290 3461 482 3597 praeepsserit.
510 3405 697 3560 Atquevllaenc
715 3471 830 3560 aeterna
848 3471 892 3560 est
911 3463 1063 3598 generssfim
1083 3466 1231 3596 quflfffflili
1249 3477 1322 3517 ⁰⁰¹¹·

188 3613 238 3675 10n
258 3617 281 3674 s
298 3555 439 3678 ltili
453 3545 818 3684 tmdttittltltt
853 3539 1125 3698 „lietoldi
1141 3546 1227 3678 ill
1247 3537 1323 3693 si:

189 3637 303 3754 tandem
321 3697 433 3778 plenius
453 3700 484 3758 in
507 3719 591 3760 carne
615 3701 739 3762 exhibita
756 3703 818 3762 luit.
856 3701 946 3762 Miror
964 3699 1033 3780 quid
1051 3697 1168 3758 Latinos
1186 3699 1323 3770 moverit

190 3778 223 3830 ut
241 3775 289 3832 siv
305 3775 393 3849 λόγον
412 3779 595 3840 translerrent
603 3778 745 3840 Verbum:
764 3783 805 3841 sic
823 3782 899 3844 eninr
917 3779 1086 3840 vertendum
1103 3779 1199 3860 potius
1218 3777 1323 3836 fuisset

189 3849 220 3908 τὸ
238 3845 318 3926 diue.
347 3851 456 3918 Verum
475 3865 509 3918 ut
527 3859 626 3918 demes
645 3859 752 3940 aliquid
771 3861 917 3942 probabile
935 3865 1150 3940 sequutosesse‚
1169 3859 1267 3938 negari
1276 3863 1323 3916 ta-

189 3945 256 3986 men
274 3947 333 3987 nen
350 3939 453 4012 potest,
472 3939 541 4016 quin
555 3937 657 3998 Sermo
680 3940 765 4021 longe
783 3942 883 4000 melius
902 3940 1059 4000 coneordat.
1099 3937 1182 3998 Unde
1200 3942 1324 4016 apparet

189 4023 276 4083 quarn
299 4006 448 4074 berberem
471 4017 650 4096 tyrannidem
674 4021 851 4084 exercuerint
874 4019 1070 4099 theologasui,
1094 4019 1143 4098 qui
1167 4015 1322 4078 Erasmum

189 4083 260 4144 adeo
278 4087 441 4151 turbulente
458 4101 600 4156 vexarunt
624 4097 661 4156 ob
686 4105 823 4158 mutatam
847 4099 878 4159 ia
901 4099 1002 4160 melius
1021 4116 1121 4158 voeem
1140 4115 1237 4158 unam·
1275 4098 1323 4154 Et

186 4185 282 4224 senno
300 4179 364 4229 eret
383 4195 403 4232 a
424 4175 465 4232 ed
481 4178 587 4238 Deam.
625 4175 686 4237 lam
704 4179 844 4252 diximus,r
866 4179 905 4238 ita
931 4197 1018 4258 supra
1036 4176 1176 4236 mundum
1194 4183 1223 4237 et
1241 4193 1321 4233 eree·

187 4249 265 4302 turas
285 4265 383 4340 onmes
398 4195 499 4327 llere,
517 4263 548 4316 et
566 4258 697 4317 omnibus
711 4258 812 4318 seculis
827 4261 953 4338 priorem
967 4258 1050 4324 stetui
1059 4255 1116 4317 Dei
1132 4255 1231 4319 lilium.
1260 4251 1321 4312 Ve-

186 4341 252 4382 rum
271 4329 357 4386 srmul
373 4329 446 4396 llaec
463 4333 594 4414 loquutio
615 4337 774 4398 distinctam
792 4337 834 4396 illi
853 4356 871 4395 a
889 4333 975 4400 Pane
995 4334 1162 4416 hypostasin
1181 4333 1319 4402 turibuli-

186 4399 318 4466 Absume
337 4409 411 4470 enim
432 4413 537 4476 (ficeret
550 4413 741 4498 Evangelina,
760 4436 871 4497 semper
890 4435 957 4478 eum
976 4414 1042 4477 Deo
1062 4414 1111 4476 vel
1127 4413 1206 4498 apud
1220 4411 1321 4478 Deum
