2792 4856
536 223 666 288 csrur
689 191 723 286 n
1163 211 1220 288 n·

73 343 307 427 rentdoutlpar
331 347 405 408 ens
456 339 609 406 Celerum
633 359 693 404 nou
716 339 772 404 iuli
795 337 867 402 heeo
890 339 958 402 lidei
980 342 1120 402 dmulstlo
1144 361 1201 421 qua

75 425 217 488 venditare
233 443 266 486 se
281 421 365 504 apud
382 421 509 486 homiues
529 421 646 498 renent,
664 419 977 500 erent-enirnpersuasi
987 421 1202 483 Chrmmmesso
1267 416 1271 432 ’

76 519 206 585 magnum
224 505 353 586 uliquem
371 499 556 585 Propheteurr
575 501 701 566 fosseis
720 501 807 562 etiam
825 499 988 564 tribuebant
1005 502 1046 562 illi
1062 501 1203 564 honoreus

75 585 200 664 siesse,
219 586 304 648 onius
322 590 396 646 tuno
412 581 891 664 urguapassimeretexspertatio.
912 580 1202 662 Sedquiaproprium

72 665 193 734 lissiae
210 665 344 732 offieinm
362 683 420 726 non
436 661 578 738 tenebam,
596 666 859 743 praeposteremus
878 679 980 722 eorum
999 659 1076 721 tides·
1087 677 1158 740 ques
1170 663 1202 722 in

71 746 183 806 mundo
203 765 240 810 ao
257 743 346 809 rebus
362 743 476 804 terrenis
495 741 640 804 haerebat
678 739 791 802 Deinde
837 741 844 756 '
866 741 911 802 'de
930 745 1002 819 erat,
1022 741 1202 802 arenosor-

71 826 115 884 dis
135 827 253 887 uitentu-
267 843 357 886 raons
374 823 526 904 pessumis.
550 821 754 885 Assentiuntur
770 822 846 882 euim
867 821 1012 902 'vergello
1032 819 1204 900 hypocritae.

70 925 134 966 non
154 911 196 974 ut,
210 925 243 968 se
261 905 294 968 iu
309 901 471 984 obsequium
491 902 599 1000 ¹Christi
617 901 757 998 adiment,
775 902 988 997 neeutsiuoeru
997 900 1104 996 pieiets
1113 896 1207 959 Deua

70 979 1209 1146 ihhiifflsiii'dimaehiiniiiiiiissii‘ifflfflli

73 1162 139 1204 non
158 1143 277 1204 inierunt
293 1143 369 1206 ultm
388 1163 444 1206 neo
463 1145 550 1225 gretie
569 1143 676 1207 mhnm
695 1140 770 1218 Deo,
789 1143 830 1206 iia
842 1140 1040 1206 alterationi
1058 1139 1121 1204 eius
1142 1138 1209 1198 doo-

70 1223 284 1370 {iffi
297 1223 578 1366 sistitis
595 1219 1210 1379 ihffidibffinii‘liillmdtffi

71 1379 253 1464 Evangeliste
272 1345 526 1458 credidissmdioit,
555 1403 610 1464 ego
633 1403 694 1445 non
716 1322 843 1462 inlelligo
861 1381 948 1444 iidem
967 1380 1114 1442 simulasse
1133 1395 1209 1460 quae

71 1461 150 1529 nulh
170 1469 254 1538 esset,
272 1464 327 1532 sed
344 1470 460 1530 sosotos
479 1462 682 1544 usquemodo
701 1462 788 1526 finisse
808 1461 966 1526 utChristo
980 1479 1086 1522 nomen
1095 1459 1208 1536 clarente

71 1561 129 1602 non
149 1542 243 1608 luisse
265 1543 363 1606 umen
387 1561 486 1606 rerem
509 1550 539 1606 et
566 1542 594 1604 le
614 1545 643 1560 '⁹
749 1560 849 1605 eorum
877 1542 964 1604 iidem
978 1541 1069 1602 inde:
1087 1545 1209 1608 euml.

73 1621 151 1700 qood
170 1623 274 1684 illese
293 1639 412 1684 suorum
430 1641 550 1686 umuere
570 1622 596 1684 C
632 1625 687 1686 'us
705 1623 845 1696 mundis
860 1623 942 1684 euius
960 1619 1209 1682 iudieiostendnns

38 1724 41 1737 ·
74 1706 124 1760 est.
151 1700 244 1764 Adue-
258 1704 337 1782 qnod
355 1701 427 1764 fides
445 1705 499 1764 ista
517 1709 630 1766 tuntum
648 1723 686 1766 ex
704 1703 847 1766 miraculis
865 1701 1014 1785 pendebat,
1033 1691 1142 1762 nullam
1160 1698 1210 1760 sd·
1321 1738 1325 1747 =

71 1779 128 1842 hoo
147 1781 280 1850 ndum
294 1789 389 1864 egeret
407 1785 440 1847 iu
456 1781 626 1880 Euespelios
654 1785 695 1846 ita
710 1797 767 1844 nee
785 1781 845 1843 lixa
864 1802 918 1844 nee
930 1780 1048 1842 stabilis
1064 1799 1137 1842 ,ουκ
1157 1791 1209 1862 po·

70 1861 134 1919 tuit
178 1861 361 1924 Adiuveutur
379 1863 494 1943 quidem
510 1863 656 1926 nnumin
675 1863 728 1924 lilii
735 1861 801 1938 Dei,
820 1869 854 1924 ni
872 1861 910 1925 ad
926 1860 1015 1923 lidom
1033 1859 1210 1942 pervenient,

25 1983 26 1992 ,
69 1939 133 2002 sed.
144 1939 221 2000 iliud
237 1941 430 2002 nondumne
447 1961 515 2004 vere
533 1941 658 2016 medere,
677 1963 768 2022 quum
785 1941 844 2002 Dei
862 1943 997 2002 virtutem
1010 1943 1159 2014 mirentur,
1178 1943 1212 1997 ut

70 2019 242 2078 docuinam
259 2019 425 2098 simpliciter
443 2021 560 2079 eredunt
578 2039 640 2080 esse
658 2038 766 2090 rerem,
790 2039 851 2080 nen
870 2027 965 2080 eutem
987 2021 1099 2100 penitus
1119 2039 1151 2078 se
1170 2017 1212 2078 illi

72 2094 243 2154 subiiciens.
281 2094 406 2156 Proinde
423 2093 474 2158 ubi
492 2095 659 2176 generaliter
677 2097 714 2156 ds
738 2097 795 2156 lide
817 2115 912 2159 memo
934 2097 1068 2172 hahetur,
1090 2101 1212 2159 sciamus

72 2174 112 2234 eli
138 2191 212 2234 uem
232 2193 294 2234 osse
313 2173 399 2234 iidem
424 2193 500 2254 quae
522 2179 618 2234 mente
642 2174 781 2234 duntaxat
804 2175 1035 2256 apprehenditur,
1062 2183 1092 2236 et
1112 2183 1216 2262 postea

73 2195 162 2313 lethe
182 2255 343 2328 evanescit,
372 2255 440 2332 quis
457 2255 489 2313 in
508 2253 596 2314 eorde
609 2252 703 2322 infixa
722 2271 780 2313 non
799 2261 861 2327 est,
878 2257 973 2334 'utque
992 2271 1027 2314 ee
1045 2259 1102 2328 est,
1130 2273 1218 2333 quem

74 2332 197 2392 lueobus
217 2337 304 2412 voest
321 2339 475 2410 medeam,
495 2333 546 2394 sed
566 2351 635 2394 vere
653 2333 725 2394 fides
739 2332 851 2415 Spiritu
870 2333 1089 2415 regenerationis
1108 2351 1218 2414 semper

78 2418 191 2474 constet
238 2431 282 2472 eo.
301 2417 330 2487 2,
351 2411 390 2474 17
409 2419 438 2472 ei
457 2413 527 2492 26),
570 2410 701 2474 Observa
720 2433 779 2473 non
799 2412 922 2474 eundem
941 2433 1004 2474 esse
1022 2413 1097 2494 apud
1118 2433 1216 2474 omues

80 2513 201 2630 ppsrum
251 2493 278 2552 ei
296 2492 469 2574 proiectum:
499 2492 639 2572 quondum
659 2493 735 2552 enim
760 2493 797 2552 ad
821 2491 919 2552 Deum
945 2511 1036 2573 usque
1061 2493 1215 2569 uddnormt,

110 2572 150 2631 'os
167 2572 329 2654 peroelluut
347 2591 433 2632 eoem
452 2578 565 2634 tontum
581 2578 675 2647 metm
693 2577 726 2632 ut
740 2570 797 2632 Dei
816 2573 932 2653 quidem
950 2575 1106 2654 potentiam
1125 2576 1213 2636 auim-

81 2651 237 2727 edrrrieni,
256 2652 306 2712 sed
325 2657 421 2712 mmeu
438 2673 497 2714 non
517 2652 644 2713 desinent
663 2654 760 2734 regeri
779 2654 810 2714 in
828 2653 888 2732 ersis
908 2654 1133 2736 cogitationibus.

140 2733 208 2800 24.
234 2735 370 2792 Christus
388 2755 449 2794 eron
467 2735 607 2794 credebat·
648 2729 736 2812 Quod
755 2740 906 2816 exponunt
925 2734 1042 2814 quidem
1063 2733 1214 2796 Christum

83 2809 115 2870 nh
133 2811 190 2873 illis
210 2811 264 2871 sihi
283 2813 406 2886 sevisse,
434 2813 501 2892 quis
524 2812 632 2894 probos
656 2832 716 2872 non
739 2831 801 2874 osse
825 2833 860 2880 se
883 2813 956 2875 fidos
979 2821 1115 2889 noverat,
1144 2813 1216 2875 mihi

25 2927 27 2954 i
83 2909 138 2952 non
164 2891 302 2953 videnlur
331 2893 398 2952 setis
421 2912 459 2952 ex
480 2893 583 2954 rimem
606 2891 803 2988 Eraupeliltue
822 2899 961 2955 ¹onmem.
1006 2893 1105 2976 Longe
1128 2898 1216 2954 etium

25 3017 26 3032 i
86 2972 176 3048 miuus
192 2974 328 3032 convenit
365 2972 424 3032 uod
435 2913 556 3034 ,adducit
579 2971 756 3054 Augustinus
782 2973 817 3034 de
842 2973 1070 3037 Cateehmtsenis.
1114 2971 1216 3037 Potius

85 3048 135 3111 hoe
153 3052 218 3112 vult
236 3049 372 3134 Evange‘
388 3057 417 3112 ie
435 3072 501 3113 meo
520 3052 641 3127 iudicio,
666 3071 726 3114 uon
744 3051 856 3113 habitos
875 3053 963 3114 faisse
987 3073 1006 3113 a
1025 3053 1142 3114 Christo
1161 3073 1216 3134 pro

25 3155 28 3178 ›
103 3133 219 3192 ermmis
240 3127 393 3214 discipulis,
413 3131 463 3192 sed
480 3135 618 3214 moqudm
637 3131 715 3193 leves
735 3151 769 3192 ae
787 3132 906 3193 frivolos
925 3133 1013 3192 faisse
1029 3139 1216 3212 contemptos.

198 3213 347 3292 diligenter
370 3211 526 3286 notandus,
541 3231 615 3274 uon
643 3231 742 3272 omnes
770 3213 821 3292 qui
848 3231 886 3272 se·
908 3211 1081 3294 profitentur
1110 3211 1219 3273 Christi

91 3306 146 3350 esso
163 3311 258 3354 eornm
276 3293 341 3375 ipso
361 3290 433 3352 tales
452 3292 568 3352 denseri.
618 3289 678 3352 Sed
696 3289 811 3371 adiungi
823 3292 914 3370 simpl
937 3291 1025 3368 debet
1048 3311 1122 3374 quae
1146 3311 1219 3354 mors

25 3397 28 3428 ι
90 3373 210 3450 sequitur
227 3373 317 3447 ratio,
337 3370 405 3452 quia
424 3387 523 3440 ornnes
541 3377 670 3431 noverat.
709 3367 789 3428 Nihil
807 3369 954 3505 hppoorisi
972 3371 1159 3452 periculosius
1175 3379 1220 3432 esi

90 3466 148 3510 urm
167 3452 237 3512 silus
257 3452 295 3512 oh
315 3467 425 3524 osusas,
444 3457 508 3510 tum
528 3449 605 3528 quod
620 3449 721 3508 uitium
740 3453 786 3505 est
804 3465 869 3526 pus
883 3467 970 3528 qunm
979 3451 1106 3530 volgare.
1126 3449 1220 3511 Nemo

91 3527 143 3590 lere
161 3539 208 3592 est
226 3533 278 3612 qui
290 3530 350 3592 'sibi
361 3549 428 3602 ‚non
447 3527 572 3612 pluerat:
592 3527 667 3588 durus
681 3532 776 3588 eutem
794 3526 926 3598 inanibus
941 3527 1087 3588 blanditiis
1106 3528 1221 3588 nossal-

89 3607 176 3684 limus,
193 3610 295 3672 -llsnna
314 3617 447 3692 putemus
457 3609 607 3670 nobiseum
616 3605 765 3668 caecutire.
785 3604 946 3666 Hieeutem
954 3625 1113 3682 monemur,
1128 3627 1221 3692 lpum.

91 3691 146 3751 tum
164 3692 227 3752 eius
245 3692 381 3752 tudinum
401 3709 419 3751 a
438 3695 537 3752 nostro
557 3689 651 3750 distet.
692 3685 765 3748 Nam
789 3703 865 3768 quae
888 3685 1043 3750 involueris
1067 3694 1151 3752 tecte
1167 3709 1221 3752 aas

91 3765 205 3850 fugiunt,
220 3774 286 3854 ipm
304 3771 451 3853 perspicit:
472 3789 546 3850 quae
565 3770 664 3834 furato
682 3767 834 3852 splendore
853 3767 1047 3850 perstringunt
1060 3769 1219 3836 nehisoon.

93 3845 139 3925 los,
157 3853 220 3933 ipse
241 3872 278 3914 ex
299 3851 410 3912 oeoulto
432 3849 519 3922 sonte,
539 3851 569 3912 id
588 3854 632 3912 est
650 3851 751 3910 intimo
766 3849 859 3910 cordis
874 3848 980 3910 affeetu
993 3853 1131 3914 aestimet.
1156 3853 1221 3916 Hos

95 3935 131 3988 est
147 3931 229 4012 quod
247 3933 316 3994 dicit
334 3931 473 3992 Salomon
491 3929 591 4007 (Prov.
611 3935 659 4003 21,
679 3931 732 4008 2.),
751 3927 848 3994 Deum
868 3931 1043 3992 omnnem
1082 3933 1222 3994 enderero

95 4011 172 4072 eorda
191 4011 357 4083 hominnm,
382 4031 473 4091 quum
491 4011 533 4072 illi
550 4010 605 4071 sihi
624 4013 654 4070 ln
673 4009 728 4070 viis
747 4013 805 4072 suis
825 4010 1015 4073 blendinntur.
1060 3955 1081 4074 l

95 4107 150 4151 mus
171 4111 241 4173 ergo
260 4111 310 4152 eos
330 4091 445 4152 demum
464 4111 548 4150 veros
567 4110 629 4150 esse
649 4089 756 4152 Christi
780 4091 948 4173 discipulos,
964 4095 1028 4175 *qui
1046 4095 1088 4154 illi
1108 4095 1220 4175 probuti

96 4178 169 4244 sust,
189 4173 256 4252 quie
275 4172 353 4232 eolus
371 4178 414 4233 est
431 4171 552 4230 idoneus
573 4170 656 4232 huius
675 4171 717 4232 rei
735 4171 839 4231 arbiter
858 4191 893 4234 ao
911 4173 1007 4236 ludes.
1022 4171 1121 4248 :Nune
1135 4193 1220 4254 quee-

97 4249 176 4325 rior,
200 4272 292 4332 qurun
308 4251 378 4312 dieii
396 4248 579 4331 Evmgelisse
597 4249 744 4312 Christum
762 4262 877 4316 moiseo
895 4277 1009 4330 maes,
1038 4273 1126 4316 eosne
1145 4255 1222 4313 solos

98 4327 219 4414 designet
238 4331 273 4392 de
293 4329 394 4411 quibus
414 4349 506 4413 nuper
524 4331 661 4411 loquutus
681 4339 738 4407 est,
763 4351 801 4393 eu
819 4335 958 4416 petineat
977 4333 1090 4394 hored
1109 4335 1222 4392 unirer·

99 4427 155 4472 sum
174 4408 325 4475 hominum
342 4429 440 4492 genus.
470 4409 636 4474 Extenduut
654 4411 711 4474 heo
730 4413 820 4476 multi,
831 4416 868 4480 ad
883 4412 1224 4488 communemhorninum

1079 4013 1220 4076 [smineri
