2810 4850
139 266 203 352 ‘sa
548 277 586 340 m
607 271 748 340 avane.
769 225 901 340 rosus.
990 287 996 296 ·

168 403 237 466 dnm
256 404 317 459 erat
337 395 461 456 invenire
481 393 533 454 sub
553 414 639 454 manu
659 395 773 473 quasvis
794 393 959 466 oblationes,
979 397 1008 452 et
1025 391 1081 452 hoc
1100 393 1190 456 modo
1211 395 1301 456 levari

168 483 227 542 hue
245 486 275 540 et
293 479 361 538 illuc
380 473 533 536 cursitandi
551 474 689 534 molestia.
738 471 844 533 Mirum
862 491 931 552 ergo
951 479 1002 548 ost,
1027 491 1079 536 uur
1097 480 1251 556 tantopere
1270 475 1301 536 id

169 561 286 622 Christo
310 553 489 637 displicuerit.
530 553 588 614 Sed
612 553 684 613 dnae
708 554 832 612 rationes
856 551 997 614 notandae
1021 559 1094 612 sunt.
1133 551 1210 615 Nam
1231 557 1302 636 quia

170 641 376 721 adquaestum
394 641 424 694 et
443 633 588 694 avaritiam
608 652 691 694 suam
709 632 765 694 hoc
784 638 911 692 mercatu
920 630 1108 694 abutebantur
1117 633 1302 710 Sacerdotes,

169 721 228 782 tale
245 718 302 778 Dei
320 714 473 776 ludibrium
493 713 640 775 serendum
659 713 799 772 nonfuit.
825 711 938 772 Deinde
957 712 1094 792 quicquid
1108 717 1301 776 excusationis

171 797 324 862 obtendant
343 795 481 868 homines,
506 795 592 854 simul
610 802 706 854 tamen
726 798 761 852 ac
779 791 928 874 paululum
947 791 1090 853 declinant
1108 813 1126 855 a
1143 794 1201 856 Dei
1218 815 1301 856 man·

171 881 247 951 dato,
267 874 484 958 reprehensione
500 874 576 956 digni
591 880 658 933 sunt
672 891 706 932 ac
720 873 894 933 correctione
908 891 982 954 opus
991 871 1106 934 babent.
1131 873 1227 955 Atque
1246 875 1304 935 hac

169 951 783 1114 carternitanum
830 954 1304 1094 circumsutae·

169 1117 280 1196 Quaeri
297 1121 393 1174 tamen
411 1120 515 1196 potest,
540 1133 592 1174 cur
611 1075 669 1173 bon
683 1113 784 1194 potius
802 1113 963 1194 auspicatus
983 1113 1020 1172 sit
1038 1131 1056 1173 a
1075 1113 1213 1174 doctrina.
1253 1113 1304 1173 Vi·

170 1199 254 1257 detur
272 1195 348 1253 enim
367 1193 438 1253 hacc
456 1195 632 1254 tumultuose
651 1199 680 1252 et
698 1212 766 1274 prae
787 1199 880 1252 ostera
894 1193 1053 1267 assecutio,
1071 1213 1188 1256 manum
1204 1191 1303 1254 admo-

170 1295 238 1336 vere
258 1273 431 1354 corrigendis
451 1273 536 1356 vitiis,
576 1274 753 1353 riusqnama
794 1271 891 1332 'bitum
908 1272 962 1332 fnit
976 1272 1121 1332 doctrinae
1135 1273 1301 1334 remedimn.

169 1354 261 1434 Atqui
280 1353 358 1414 aliud
377 1355 515 1448 spectavit
525 1295 664 1414 ebriatus.
682 1351 763 1424 Nam
779 1353 844 1432 quia
864 1353 921 1412 iam
935 1353 1222 1433 tempusadrenerat,
1241 1373 1303 1432 quo

169 1437 329 1496 iniunctum
354 1432 406 1493 sibe
429 1451 447 1492 a
466 1431 551 1493 Patre
574 1453 679 1494 munus
702 1432 815 1528 publice
839 1430 943 1506 obiret,
971 1433 1072 1514 templi
1094 1434 1303 1514 possessionem

171 1513 383 1595 quodammodo
403 1511 480 1572 adire
500 1513 600 1589 voluit,
630 1531 665 1572 ac
684 1513 795 1573 divinae
814 1531 883 1571 suae
902 1513 1078 1573 aucteritab‘s
1098 1513 1303 1572 documentum

170 1601 304 1654 statuere
342 1595 440 1673 Atque
459 1599 494 1652 ut
512 1613 611 1653 omnes
631 1593 668 1652 ad
687 1593 747 1652 eius
767 1593 925 1652 doctrinam
944 1593 1044 1652 attenti
1063 1598 1166 1668 essent,
1186 1599 1301 1674 torpen-

170 1681 215 1734 tes
235 1693 270 1733 ae
289 1693 321 1731 so
341 1674 394 1733 itas
413 1679 522 1734 mentes
541 1693 619 1734 novo
638 1677 668 1732 ct
685 1672 800 1732 insolito
818 1671 944 1732 facinore
962 1671 1146 1768 expergefieri
1166 1673 1303 1754 oportuit.

170 1753 231 1815 lam
250 1693 389 1834 tempium
410 1754 539 1813 eoelestis
559 1753 703 1813 doctrinae
727 1759 757 1811 et
779 1753 889 1833 pietatis
909 1769 1062 1813 sacrarium
1081 1759 1151 1812 erat
1201 1749 1304 1830 Qnmn

172 1833 318 1894 doetrinae
337 1833 489 1914 puritatem
509 1833 657 1892 restituere
675 1831 771 1905 vellet,
791 1853 809 1890 ο
846 1851 896 1890 rae
914 1833 1035 1928 pretinm
1054 1832 1108 1892 suit
1127 1837 1159 1891 ut
1178 1851 1210 1891 se
1231 1837 1326 1908 temg

169 1914 214 1995 pli
232 1913 380 1972 dominum
399 1911 606 1992 comprobaret.
635 1910 719 1972 Adde
738 1851 972 1992 quotiesauincia
991 1911 1301 1992 et‘aliapictatisexer-

171 1993 238 2052 citia
257 1992 294 2052 ad
313 1991 487 2072 spiritualem
507 2011 592 2050 suum
610 1991 697 2052 finem
716 2010 852 2052 revocare
871 2011 930 2052 non
955 1991 1034 2051 aliter
1047 1997 1183 2072 poterat,
1213 2010 1302 2070 qnam

170 2071 292 2132 abusum
310 2071 446 2131 tollendo.
487 2070 564 2152 Ergo
584 2071 662 2151 quod
680 2079 750 2131 tunc
769 2071 805 2130 ab
825 2091 860 2132 eo
881 2077 991 2153 gestum
1010 2077 1062 2147 est,
1123 2071 1228 2130 eddam
1241 2073 1303 2130 cius

170 2151 380 2210 reformationis
399 2151 579 2230 praeludium
594 2151 660 2224 suit,
684 2151 721 2210 ad
741 2169 827 2231 qiam
847 2151 1075 2232 peragendama
1119 2157 1181 2211 atre
1199 2151 1302 2209 missus

169 2230 270 2292 fumat.
301 2229 335 2288 In
353 2249 474 2306 summa,
493 2230 748 2309 Iudaeossexcitari
768 2231 860 2291 decuit
879 2231 935 2292 boc
951 2229 1092 2312 exemplo,
1112 2228 1145 2296 ut
1158 2250 1176 2290 a
1187 2229 1302 2290 Christo

169 2309 317 2388 imolitum
337 2309 453 2388 aliquid,
473 2315 502 2369 ct
521 2311 635 2369 minime
655 2306 974 2392 vulgareexpectaient:
996 2311 1082 2370 simul
1090 2309 1301 2372 eornmoneficri

171 2389 266 2448 decuit
286 2389 321 2447 dc
340 2391 439 2447 vitiato
459 2395 489 2449 et
507 2401 643 2469 perverso
663 2387 817 2464 cnltnDei‚
836 2409 874 2451 nc
892 2389 1116 2450 emendationem
1126 2394 1302 2470 respuerent.

170 2469 213 2528 Et
227 2471 345 2548 scotres
364 2477 436 2527 eius.
477 2466 538 2526 Cur
557 2468 658 2526 fratres
678 2487 708 2528 se
728 2467 843 2530 Christo
862 2471 981 2530 comites
1000 2470 1189 2544 adiumennt,
1213 2471 1302 2530 incer·

171 2553 235 2609 tum
253 2553 312 2619 est,
336 2546 390 2604 nisi
409 2547 483 2606 sorte
502 2547 587 2606 simul
605 2549 672 2606 ituri
691 2557 772 2626 erant
786 2547 1029 2628 ¹Hierosolymam.
1060 2548 1229 2611 ‘Caeterum
1248 2550 1304 2612 fra·

170 2631 249 2685 trum
268 2626 384 2684 nomine
404 2624 546 2706 quoslibet
565 2634 700 2710 cognatos
710 2627 850 2689 Hebraica
869 2630 963 2711 lingua
984 2629 1123 2712 designari
1131 2633 1235 2690 'notum
1251 2635 1302 2688 est.

251 2707 299 2766 13.
319 2705 397 2764 Erat
412 2714 444 2764 in
457 2715 563 2786 propin
584 2731 623 2768 oo
634 2711 764 2784 Pascha,
777 2719 826 2770 -r'ta
846 2731 882 2770 ue
891 2719 976 2770 card.
1000 2709 1046 2770 Ad
1063 2709 1183 2771 verbum
1193 2711 1305 2770 Graece

171 2783 303 2858 babetur,
324 2782 363 2842 Et
382 2786 475 2844 venit:
497 2787 545 2845 sed
556 2731 735 2870 §vangelista
756 2735 888 2871 copuYem
901 2790 998 2870 posuit
1007 2789 1073 2850 loob
1082 2791 1229 2850 rationalis
1238 2809 1303 2870 par·

170 2863 284 2924 ticulac.
314 2861 433 2922 Venisse
450 2866 528 2924 enim
546 2873 616 2926 tunc
636 2870 659 2927 si
699 2868 785 2946 ificat,
804 2877 837 2930 ut
846 2867 957 2930 Pascha
971 2869 1128 2930 celebraret
1136 2869 1305 2949 Hierosoly

171 2963 243 3022 mac.
284 2940 377 3002 Huius
402 2951 498 3003 antem
524 2947 634 3006 codsiiii
679 2949 765 3030 uplcx
789 2955 851 3010 erat
874 2947 948 3010 tinia.
992 2947 1066 3009 Nam
1091 2971 1182 3030 quum
1200 2957 1304 3008 nostra

172 3043 258 3083 causa
278 3021 348 3104 Legi
373 3021 514 3088 subiectus
539 3034 615 3086 essct
633 3027 708 3088 sdius
728 3027 797 3104 Dei,
823 3031 920 3088 omnia
939 3025 1023 3110 Legis
1046 3029 1177 3089 mandata
1198 3035 1304 3088 exacte
1327 3036 1331 3044 “

172 3103 324 3179 servando,
356 3103 456 3184 plenae
481 3103 662 3167 subiectionis
687 3115 717 3167 et
740 3109 916 3169 obedientiae
935 3115 1038 3190 typum
1057 3109 1087 3168 in
1106 3127 1157 3168 sna
1176 3125 1303 3189 persona

172 3181 306 3248 exhibere
325 3183 426 3244 voluit
467 3182 592 3260 Deinde,
623 3189 758 3268 quoniam
776 3190 807 3250 iu
826 3189 927 3270 populi
946 3189 1103 3270 frequentia
1121 3190 1211 3269 magis
1229 3207 1304 3270 pro-

173 3261 253 3322 desse
273 3269 395 3342 poterat‚
414 3261 469 3322 hac
489 3263 548 3325 fere
568 3269 714 3326 occasione
734 3287 845 3349 semper
864 3289 933 3329 usus
952 3276 1004 3328 est.
1034 3265 1233 3352 Ergoquoties
1271 3287 1304 3328 o·

172 3349 234 3402 stea
254 3342 371 3416 dicctm·‚
391 3345 501 3404 venisse
522 3344 668 3406 Christum
688 3347 785 3408 diebus
804 3348 883 3408 iestis
903 3347 1144 3428 Hierosolymam,
1160 3347 1217 3408 hoc
1235 3289 1303 3408 ideo

171 3421 207 3480 ab
227 3423 290 3502 ipso
310 3421 418 3482 factum
439 3423 590 3485 observent
608 3425 742 3500 lectores,
793 3431 897 3488 rimum
916 3436 950 3488 ut
969 3448 987 3488 a
1007 3427 1072 3488 Deo
1091 3429 1220 3489 instituta
1240 3429 1304 3508 pie-

171 3502 239 3561 tatis
258 3504 391 3562 exercitia
411 3523 477 3563 eum
496 3505 612 3586 reliquis
633 3507 750 3568 coleret:
771 3449 872 3570 gunda
891 3509 973 3568 utin
992 3510 1100 3569 maiore
1118 3508 1219 3591 popuii
1233 3527 1304 3568 oon-

171 3583 253 3642 fluxu
295 3582 432 3642 ublicaret
451 3599 533 3644 suam
553 3585 720 3646 doctrinam.
859 3601 864 3612 ·

250 3601 296 3724 tg-
324 3665 516 3744 Nesmeimis
534 3667 650 3724 dmnrsm
661 3671 767 3727 Petris
784 3675 849 3728 mei.
889 3666 923 3727 In
943 3668 1066 3728 secunda
1086 3669 1224 3727 eiectione
1240 3685 1306 3748 gra-

170 3739 235 3798 vius
255 3759 289 3798 ac
307 3744 440 3801 severius·
452 3743 605 3824 loquutum
624 3753 848 3806 commemorant
867 3747 914 3807 alii
923 3745 1004 3808 Evan
1025 3747 1134 3807 elistac:
1156 3745 1236 3828 quod
1249 3749 1305 3806 sci-

95 3857 100 3870 ,
171 3817 239 3876 licet
258 3837 295 3913 erp
314 3821 488 3900 tenrploDei
502 3824 628 3883 iacerent
642 3825 806 3962 speluncam
820 3827 974 3888 lamonem.
998 3769 1098 3908 deque
1109 3829 1175 3886 itaa
1195 3826 1305 3886 endum

169 3896 293 3972 est,‘ubr
313 3901 410 3958 mitior
430 3903 577 3983 castigatio
597 3923 651 3984 pro
663 3911 729 3966 ectu
748 3906 847 3966 carnit.
878 3903 962 3968 Nunc
977 3908 1173 3989 simplicitera
1224 3914 1306 3980 unet,

170 3993 208 4035 ne
226 3976 366 4055 tempium
386 3977 443 4041 Dei
462 3983 494 4042 in
512 3981 619 4042 alienos
639 4003 708 4044 usus
728 3986 866 4046 vertendo
885 3988 1047 4067 profanent.
1079 3984 1231 4066 Templum
1245 3985 1305 4046 Dei

171 4051 273 4150 domus
293 4055 556 4143 romanusquae
575 4063 633 4124 ittic
652 4061 733 4124 Dens
790 4067 933 4127 cubariter
952 4067 1079 4128 invocari
1099 4067 1196 4142 vellet,
1222 4066 1306 4146 qnod

169 4139 307 4229 mrtutcm
326 4135 384 4196 iiiic
404 4158 485 4200 suam
504 4144 661 4222 mereret,
685 4165 725 4227 qn
783 4145 848 4205 deni
888 4147 961 4207 ead
980 4146 1136 4227 spiritualis
1156 4153 1186 4206 et
1206 4165 1306 4206 sacros

169 4219 242 4272 ntus
261 4213 331 4274 uliud
355 4215 531 4282 destinasset.
580 4222 622 4284 At
644 4243 682 4286 *se
705 4224 822 4306 quidem
870 4228 896 4286 ei
919 4226 1012 4286 tilium
1031 4227 1200 4309 pronuntiet
1218 4223 1307 4286 Chri·

169 4299 240 4386 stus,
265 4300 298 4353 ut
316 4293 440 4384 sibiius
458 4307 488 4360 et
506 4305 706 4366 dementatam
724 4307 896 4387 repurgaudi
914 4307 1015 4388 templi
1034 4305 1167 4368 vindicet
1208 4303 1308 4367 Porro

166 4369 337 4470 qma-sacti:
352 4377 398 4436 arri
423 4381 562 4442 moenam
581 4381 628 4443 bio
646 4385 741 4447 reddit
760 4383 914 4462 cuneus·
937 4387 961 4447 si
981 4405 1069 4468 mem
1088 4385 1156 4447 inde
1173 4383 1309 4448 fructum

168 4449 298 4543 ooliagprc
314 4451 400 4532 tebet,
430 4459 460 4520 in
486 4459 540 4522 bac
558 4467 712 4547 praecipue
731 4467 870 4528 sententia
889 4468 1023 4530 insistere
1042 4467 1188 4532 convenit.
1230 4465 1309 4528 'Cur
