2818 4848
496 231 500 245 ·
570 207 700 274 CAPUT
717 209 784 274 ΧΠ.
886 239 892 246 ·
1177 217 1237 280 att

9 281 11 420 i
98 331 199 390 donee
216 325 341 412 patefiet,
361 345 397 386 ne
416 324 655 407 emetiamur,
679 347 737 388 non
758 347 856 390 omnes
875 329 1034 411 promiscue
1054 328 1137 390 huius
1157 349 1235 391 rere-

9 425 12 520 p
99 411 220 470 lationis
238 425 297 470 esse
314 406 484 486 participem
510 406 585 466 unde
604 407 733 486 requitur
751 407 857 468 multoe
876 409 1006 468 eoeeitati
1025 427 1092 469 suae
1111 409 1234 490 relinqui

99 487 240 550 intuioris
258 487 331 545 lueis
351 491 499 566 expertes,
519 485 570 566 qui
588 485 727 544 audiendo
747 504 805 546 non
824 487 948 548 audiant.

180 570 227 629 ³9.
246 561 416 646 Ριὸμεπιι
434 557 650 704 ιιοέιοζοισαιιι
668 567 790 627 eredere.
812 566 873 626 Hoc
892 573 936 628 est
954 566 1099 646 aliquanto
1119 567 1231 628 duriose

9 687 11 696 ι
96 645 174 727 qnia,
193 653 226 706 nt
244 645 336 705 rerba
355 649 472 717 sonant,
530 649 638 704 structa
656 643 766 705 ludaeis
779 647 832 706 'via
851 653 880 706 et
900 648 1026 728 praecisa
1046 646 1176 708 credendi
1191 648 1231 708 ia·

95 727 189 786 eultus
212 725 285 799 luit,
315 743 352 796 ep
377 723 454 803 qued
472 709 638 884 'Prepipptae
662 725 828 786 vaticinium
852 727 981 786 eoeetuti
1004 743 1055 787 eos
1075 723 1229 796 addixerat.

94 802 964 966 dimmittat?letititittl¹
980 823 1045 944 itt
1062 805 1230 960 attilii:

95 963 264 1044 simplieem
291 961 448 1044 nudamque
472 959 528 1020 Dei
556 963 770 1042 praescientiam
799 983 893 1024 rerum
922 981 1035 1024 eausam
1065 983 1125 1022 non
1154 983 1229 1022 esse:

96 1059 272 1122 quanquam
290 1039 335 1100 hie
352 1061 407 1100 non
427 1046 486 1102 lam
505 1041 690 1120 praescientia
710 1039 779 1117 Der,
805 1063 891 1122 quam
915 1043 1010 1102 iudicii
1035 1047 1065 1102 et
1089 1043 1229 1102 vindictae

97 1119 189 1180 nobis
207 1119 333 1179 habenda
350 1127 392 1179 eet
411 1121 492 1180 ratio.
532 1117 631 1199 Neque
650 1121 724 1180 enim
743 1119 824 1180 Deus
844 1121 912 1202 quid
932 1139 948 1182 e
967 1117 1048 1182 eoeio
1067 1123 1228 1202 speculetur

98 1199 227 1260 facturos
245 1218 305 1260 esse
323 1199 466 1278 homines,
486 1199 534 1258 sed
554 1199 624 1280 quid
642 1201 702 1280 ipse
722 1201 848 1260 lactarus
868 1201 905 1260 sit
925 1203 1103 1281 pronuntiat:
1123 1220 1228 1282 nempe

98 1279 179 1358 quod
196 1285 312 1360 stupore
330 1285 361 1338 et
385 1279 524 1359 vertigine
547 1279 685 1359 percutiet
707 1280 823 1362 impios,
852 1285 886 1340 ut
909 1282 945 1339 de
970 1282 1095 1361 ipsorum
1120 1281 1227 1340 malitia

96 1358 232 1416 ultionem
251 1363 354 1416 sumat.
395 1353 470 1417 Nem
489 1357 536 1433 irie
556 1364 670 1418 notatur
690 1377 775 1418 eausa
793 1361 955 1440 propinquo
973 1367 1003 1419 et
1020 1359 1149 1431 inferior,
1174 1379 1225 1420 eur

95 1436 212 1496 verbnm
240 1455 342 1510 suum,
372 1436 454 1517 qnod
477 1443 578 1498 natura
601 1438 722 1498 satutare
741 1445 800 1512 est,
824 1437 904 1498 Deus
928 1439 1042 1500 exitiale
1060 1437 1170 1498 Iudaeis
1190 1455 1223 1500 se

94 1516 271 1576 mortiterum
295 1535 359 1576 esse
384 1516 469 1590 velit,
490 1535 595 1596 nempe
619 1517 699 1596 quod
720 1535 771 1578 sua
799 1519 904 1580 matida
933 1519 973 1578 ita
1001 1519 1093 1578 meriti
1122 1525 1223 1578 essent.

92 1593 173 1656 liano
192 1613 316 1676 poenam
335 1597 406 1676 ipsis
425 1595 598 1676 impossibile
611 1597 672 1656 ‘luit
690 1597 827 1678 effugere,
851 1617 941 1677 quum
965 1598 1051 1658 semel
1077 1595 1142 1658 Deo
1166 1603 1221 1657 eta·

91 1681 189 1734 tutum
207 1679 292 1742 essee.
310 1677 389 1756 ipsos
408 1675 437 1734 iu
458 1673 611 1758 reprobum
631 1695 744 1736 sensum
764 1675 911 1750 conficere,
930 1683 959 1738 et
978 1676 1057 1736 verbi
1071 1678 1114 1736 sui
1129 1676 1221 1736 lueem

90 1754 147 1814 lllis
166 1759 280 1814 vertere
298 1755 329 1814 in
347 1753 487 1814 mnehras.
525 1752 599 1814 Nam
619 1755 759 1835 posterius
778 1754 834 1814 hoe
853 1757 1016 1818 vaticinium
1041 1757 1070 1814 in
1089 1775 1123 1815 eo
1143 1755 1220 1834 ‹lissi-

91 1833 161 1893 mile
180 1839 226 1892 est
244 1834 342 1913 priori,
359 1833 436 1914 quod
456 1834 514 1893 illie
533 1831 591 1894 Pro
611 1833 677 1894 lreta
696 1854 758 1894 non
774 1835 844 1895 alios
859 1836 973 1899 eredere
986 1841 1114 1908 testame,
1134 1854 1220 1914 qnam

90 1931 170 1992 quoe
187 1911 271 1971 Deus
290 1915 409 1992 gratuito
428 1933 482 1974 suo
500 1913 592 1995 benep
636 1915 676 1974 ito
696 1914 850 1988 illuminat,
879 1916 959 1974 euius
984 1932 1069 1974 eausa
1092 1933 1150 1972 non
1171 1931 1219 1992 ap·

89 1997 184 2074 paret.
223 1989 298 2052 Nam
316 2011 403 2071 quum
421 2011 460 2052 ex
478 2011 571 2074 aequo
590 1993 693 2074 perditi
711 2000 778 2052 sunt
796 2011 903 2068 omnes,
922 1993 1003 2054 Deus
1022 2009 1159 2050 memma
1170 1991 1218 2050 bo-

88 2071 189 2145 nitate,
209 2091 284 2152 qnos
302 2074 394 2132 ιίιιιιιι
412 2079 464 2146 eet,
484 2089 503 2132 a
520 2072 635 2152 reliquis
655 2071 795 2134 discernit
827 2071 882 2130 Hie
895 2078 990 2132 autem
1005 2069 1218 2132 obdurationem
1248 2095 1252 2106 ’

88 2158 306 2225 summumne-nt,
325 2170 383 2231 qna
400 2152 502 2232 ingrati
521 2151 620 2232 populi
639 2151 782 2212 malitiam
795 2151 873 2209 ultus
892 2157 935 2210 est
954 2149 1042 2210 Deru.
1076 2147 1137 2208 Hos
1157 2169 1218 2230 graf

90 2231 142 2292 dau
156 2231 207 2310 qui
221 2251 282 2290 non
296 2231 449 2292 obser-rant
462 2249 611 2312 perperam
626 2231 752 2292 diversos
768 2230 923 2324 scripturae
937 2229 1017 2290 loeos
1032 2227 1216 2290 confundunt.

167 2311 216 2374 40.
236 2314 413 2372 &meave
433 2333 493 2372 eor.
533 2309 690 2370 linensest
708 2328 746 2370 ex
764 2309 853 2370 lesam
873 2309 919 2388 (6,
939 2313 967 2371 9.
988 2308 1025 2368 ei.
1046 2305 1148 2366 Matth.
1170 2309 1218 2382 13,

90 2389 152 2468 ll.)
172 2397 316 2484 sumptus,
335 2390 385 2450 ubi
403 2389 544 2450 Dominus
558 2395 673 2484 ‘mature
692 2387 867 2472 Pmphetam
884 2388 1031 2484 admonet,
1051 2407 1109 2448 nen
1129 2385 1216 2482 elium

88 2487 392 2630 extimet?
410 2468 870 2628 “deletiticttftffl
885 2465 1215 2628 sffloissiiioiiiii

89 2627 239 2688 Amliende
257 2627 351 2688 audite
370 2635 400 2689 et
419 2647 454 2690 ne
474 2629 605 2688 mdiatis:
625 2628 682 2686 acsi
701 2625 813 2704 dimne,
834 2625 917 2688 Mitto
937 2633 966 2688 te
985 2633 1018 2686 ut
1031 2625 1213 2685 nerbalaeias

87 2705 295 2868 titt-dt,
314 2705 437 2852 titt
454 2705 734 2868 {tlt‘tptlt‘t
748 2704 1133 2867 tatttttlalt‘btt
1146 2723 1212 2846 tit

1071 2827 1081 2859 i

87 2869 204 2927 uaseior
221 2867 359 2928 reddatur
377 2885 478 2927 eorum
497 2867 634 2939 coecitas,
663 2871 748 2948 atque
772 2867 802 2926 in
822 2867 934 2928 altiores
955 2865 1083 2928 tenebras
1102 2881 1210 2942 merga,-

86 2953 139 3008 ιιι.
178 2945 371 3026 Formidabile
390 2965 459 3006 sane
477 2943 534 3006 Dei
551 2946 694 3018 iudicium,
714 2965 805 3026 quum
822 2947 961 3006 humanas
980 2951 1087 3006 mentes
1107 2944 1210 3004 doetri-

85 3045 137 3087 nae
155 3026 223 3086 lues
240 3027 281 3088 ita
301 3025 409 3099 obruit,
439 3031 472 3086 nt
497 3025 574 3086 omni
598 3025 783 3106 intelligentia
818 3027 956 3085 riventur:
986 3027 1043 3084 imo
1064 3041 1152 3104 quum
1172 3041 1213 3082 en
1293 3051 1298 3058 ·

84 3107 169 3167 rmiea
188 3125 292 3166 eorum
309 3105 371 3166 lnee
389 3105 538 3186 caliginem
553 3105 610 3164 illis
629 3104 752 3164 obducit.
797 3044 893 3163 i’orro
917 3103 1073 3162 notandam
1093 3107 1151 3172 est,
1179 3099 1210 3158 id
1261 3169 1266 3182 „

84 3185 263 3246 nereidentale
280 3203 343 3244 esse
359 3185 446 3246 verbo
455 3185 521 3262 Dei,
539 3184 616 3266 qnod
637 3183 766 3244 homiues
784 3189 927 3242 enmeeat
966 3181 1047 3242 Nihil
1063 3181 1140 3242 uim
1158 3178 1209 3238 mi·

84 3285 144 3324 nus
164 3269 392 3340 consentaneum,
411 3283 496 3346 qmm
515 3272 548 3326 ut
567 3263 637 3324 nihil
655 3283 674 3324 e
692 3261 838 3358 meptlaeio
859 3261 968 3320 differat
986 3263 1103 3336 veritas,
1127 3257 1209 3340 panis

84 3346 163 3403 vitae
188 3343 367 3404 mortiferum
384 3344 433 3406 liat
456 3365 599 3406 venenum
621 3349 650 3403 et
673 3343 810 3402 medecina
829 3346 966 3419 augeatur
984 3339 1109 3400 morbus.
1152 3335 1208 3394 Ve-

83 3443 148 3483 rum
167 3423 198 3482 id
218 3421 367 3484 hominum
385 3425 505 3486 malitiae
525 3421 721 3505 imputandum
740 3427 796 3494 est,
820 3439 894 3500 quae
913 3420 1000 3481 vitam
1020 3415 1159 3478 conventit
1179 3415 1208 3471 in

82 3511 213 3566 mooun
237 3501 409 3566 Notandum
425 3511 572 3585 praeterea
591 3509 644 3577 est,
662 3501 820 3560 Dominum
837 3497 990 3578 aliqumrdo
1009 3496 1208 3586 perseipsum

83 3583 406 3645 murcomannum
425 3591 546 3659 mentes,
572 3600 662 3663 quum
684 3581 790 3642 iudicio
808 3586 838 3640 et
856 3597 941 3638 sensu
960 3596 1009 3636 eas
1028 3575 1133 3655 privat:
1158 3571 1207 3631 alr·

83 3663 198 3742 qnando
217 3683 271 3746 per
289 3663 426 3724 Saturam
444 3671 474 3724 et
494 3659 763 3746 pseudoprophetas,
784 3679 875 3740 quum
892 3675 991 3720 eorum
1011 3651 1207 3748 fallaciistillas

82 3745 242 3802 ‹tementate
266 3744 420 3824 aliquunde
439 3745 524 3803 etiam
543 3763 594 3824 per
613 3741 856 3812 eunominianos,
885 3757 975 3818 quum
994 3735 1050 3794 illis
1067 3749 1153 3792 noxia
1173 3745 1207 3790 ae

81 3821 175 3882 letnl'u
194 3830 237 3882 ert
254 3825 351 3884 salutis
370 3823 508 3884 doctriua.
547 3823 699 3883 Caeterum
717 3819 804 3881 modo
823 3819 945 3880 fideliter
962 3813 1127 3876 incumbant
1136 3809 1220 3870 Prot

79 3902 186 3984 phetae
204 3903 234 3962 in
251 3923 354 3964 manns
372 3903 507 3978 (tenendi,
536 3911 566 3964 et
583 3902 687 3964 laboris
712 3901 758 3960 sui
774 3900 902 3960 lruetnm
918 3897 1044 3958 Domino
1063 3909 1204 3952 cemmen-

78 3985 156 4044 dent.
183 3979 299 4043 Etiamsi
318 3985 415 4044 minus
434 4003 472 4044 ex
491 3990 559 4044 roto
579 3981 721 4055 sueeedat,
740 3999 790 4042 ees
809 3974 1204 4040 delieerevellabeeeerenon

77 4071 206 4146 oportet:
236 4063 361 4126 suffieiat
389 4066 485 4145 potius
509 4063 588 4144 quod
612 4061 737 4122 laborem
760 4079 843 4120 sunm
867 4057 933 4118 Deo
957 4055 1070 4137 probari
1088 4058 1203 4124 uerunt,

78 4147 208 4224 parovio
228 4144 393 4205 hominihus
413 4143 588 4216 demolitis,
617 4144 675 4202 imo
695 4141 812 4200 odorem
831 4139 912 4198 illum
931 4137 1088 4208 doetrinae,
1118 4151 1204 4214 quem

77 4225 128 4284 ribi
145 4225 327 4284 mortiferum
348 4223 473 4284 reddunt
490 4225 531 4284 im
551 4224 583 4300 ⁸,
607 4222 714 4283 bonum
733 4227 764 4280 et
783 4239 900 4280 suarem
917 4234 980 4278 esse
998 4215 1077 4288 Deo,
1107 4233 1203 4293 quem·

76 4303 233 4364 admodum
252 4310 375 4364 testatur
393 4302 499 4366 Paulus
519 4243 569 4381 pp
578 4303 684 4374 Con‘i',
704 4300 775 4378 ta).
816 4303 877 4360 cor
895 4295 1046 4378 aliquunde
1065 4315 1118 4389 pro
1138 4291 1204 4352 sed·

75 4383 231 4446 alieetuum
250 4385 368 4466 ponitur
385 4384 415 4446 in
434 4386 585 4465 scriptura:
604 4383 654 4444 sed
673 4383 720 4442 hie
740 4385 772 4442 ul
790 4381 820 4442 in
833 4374 961 4460 pluribus
970 4377 1030 4437 aliis
1041 4376 1119 4447 loeis,
1138 4383 1203 4450 pm
1279 4385 1284 4392 “
