2786 4866
582 225 711 288 CAPUT
729 227 790 290 Vll
1181 245 1240 304 125

45 335 49 340 ⁵
117 349 198 410 tione
217 345 327 406 animus
342 340 429 402 blesis
449 340 631 402 admiratione
650 345 814 424 percutitur,
835 343 935 406 deindo
954 346 990 406 ad
1009 349 1240 414 considerandum

21 471 23 482 ,
117 427 240 489 accedit:
269 429 337 506 post
361 433 503 482 accessum
529 425 689 503 propiorem
708 422 851 484 Dominus
875 445 941 484 cum
965 428 1055 506 magis
1074 431 1141 488 vivo
1161 449 1240 509 prae·

21 497 23 540 ⁵
118 499 225 568 sentiae
244 524 312 564 suae
332 521 416 562 sensu
437 501 523 581 tengrit
542 507 574 560 ut
594 511 772 584 expavescat.
803 502 905 564 Fateor
924 505 1038 584 quidem
1057 506 1241 569 nibilborum

19 652 21 664 ‚
117 607 179 648 esse
199 584 276 666 quod
297 604 356 644 nou
376 581 531 644 aemuletur
549 577 652 642 Satan:
673 584 721 644 sed
742 603 899 664 perperam,
917 591 952 644 ut
970 587 1058 645 simia.
1083 584 1121 646 Et
1139 586 1239 648 Domi·

116 685 171 728 nus
190 686 249 724 non
270 664 357 724 modo
377 659 478 722 talibus
496 662 581 740 signis
606 681 636 722 se
660 665 835 736 manifestat,
864 663 915 722 sed
939 663 1102 726 hebetudini
1126 673 1240 728 nostrae

19 775 20 780 ¹
116 745 262 828 suppetias
283 743 385 815 tereus,
406 741 501 801 oculos
521 741 606 801 simul
625 745 724 882 aperit,
743 764 779 804 ne
799 743 1011 804 trallucinemur.
1047 745 1157 806 Deinde
1176 743 1240 828 Spi-

115 829 189 886 ritus
209 831 323 884 sanctm
341 828 424 886 netas
443 829 471 880 et
490 819 617 898 syrrrbela
657 825 747 884 iriuae
763 825 937 905 praesentiae
946 823 1078 884 cordibus
1096 825 1239 908 insculpit,

116 927 154 968 ne
175 905 247 986 quid
266 902 445 962 dubitationis
464 907 554 977 rutel.

200 987 249 1046 3‘2.
280 985 345 1064 Ego
365 1005 430 1040 sum
452 983 528 1045 neo
543 990 665 1062 potrum
684 993 811 1044 tomum.
851 979 935 1046 Nune
954 983 1081 1044 videmus
1101 1005 1237 1066 quorsum

116 1064 217 1124 'oblata
236 1063 319 1122 fuerit
337 1060 410 1119 lllosi
430 1061 508 1132 visit,
528 1081 630 1141 nempe
650 1069 682 1122 ut
701 1058 752 1122 sua
771 1060 859 1123 verbo
878 1061 934 1124 Dei
953 1066 1107 1124 auctoritas
1127 1073 1236 1126 consta·

119 1151 174 1204 ret.
213 1141 315 1202 Parum
334 1143 409 1200 enim
427 1139 514 1201 nudie
533 1141 655 1200 visiones
675 1141 838 1222 prodessent
862 1144 916 1202 nisi
935 1143 1082 1204 accederet
1100 1143 1235 1222 doctrina.

115 1223 236 1284 Accedit
263 1227 358 1280 aretem
388 1240 444 1278 non
470 1226 599 1300 tanquam
623 1239 687 1302 pers
711 1221 841 1294 interior,
871 1223 920 1283 sed
939 1229 1076 1304 tanquam
1095 1225 1260 1285 visionum·

119 1303 245 1362 omnium
265 1299 350 1359 caiisa
369 1306 399 1360 et
417 1297 489 1358 linis.
534 1297 621 1376 Quod
646 1307 741 1360 autem
766 1319 796 1361 se
816 1299 912 1362 Deum
930 1301 1075 1375 Abrahae,
1106 1301 1185 1362 isaac
1207 1312 1237 1364 et

116 1381 201 1442 iacob
221 1383 356 1454 nominat,
376 1378 459 1437 buius
478 1379 667 1465 ppellatiouis
687 1380 793 1462 duplex
812 1387 857 1440 est
876 1383 957 1443 ratio.
1007 1381 1045 1442 Ut
1063 1381 1173 1442 infinita
1192 1391 1237 1444 est

114 1461 173 1522 Dei
193 1461 330 1534 maiestas,
351 1458 373 1518 si
394 1477 457 1516 eam
475 1457 705 1538 mmprehenderc
725 1459 867 1534 volumus,
887 1463 983 1542 potius
1003 1481 1101 1521 sensus
1121 1467 1235 1523 nostros

112 1540 260 1600 absorbet:
290 1539 314 1598 si
335 1538 370 1598 ad
390 1557 452 1596 eam
471 1534 614 1601 alcendere
634 1559 784 1614 conamur,
805 1541 1005 1602 evanescimus.
1054 1541 1093 1601 Se
1112 1561 1180 1622 ergo
1200 1543 1235 1602 ti·

107 1621 182 1682 tulis
203 1625 286 1680 ornat
309 1625 338 1678 et
361 1618 460 1688 vestit,
489 1618 535 1678 sub
560 1618 662 1698 quihus
683 1619 884 1700 comprehendi
904 1639 920 1680 a
939 1621 1021 1696 nobis
1042 1629 1135 1702 queat.
1158 1619 1235 1700 'Sed
1316 1689 1320 1700 Ι

113 1701 272 1763 notandum
298 1705 356 1772 est,
384 1695 550 1757 lleum¹sibi
571 1697 692 1780 deligere
715 1699 828 1772 titulos,
857 1700 960 1780 quibus
978 1719 1032 1760 nos
1051 1701 1087 1760 ad
1107 1700 1235 1762 Verbum

111 1788 240 1842 revocet.
280 1777 349 1838 ldeo
368 1777 444 1837 enim
462 1775 536 1843 Deus
553 1775 695 1853 Abrahae,
714 1777 792 1838 lsaac
811 1785 840 1838 et
854 1777 938 1840 laceb
958 1787 1085 1854 vocatur,
1105 1782 1171 1861 quia
1191 1799 1233 1841 sa-

110 1861 181 1922 lutis
201 1860 360 1920 doctrinam
380 1857 456 1941 apud
475 1856 517 1921 eis
537 1857 677 1953 deposuit,
698 1877 755 1938 qua
776 1858 883 1918 mundo
903 1860 1100 1920 innotesceret.
1124 1859 1233 1922 Verum

112 1939 194 2000 Deus
214 1941 328 2022 proprie
347 1937 383 1996 ad
403 1938 633 2001 circunstantium
654 1945 829 2020 praesentem
849 1941 981 2019 respexit,
1001 1959 1089 2020 quum
1109 1940 1148 1999 ita
1158 1939 1234 2003 lllosi

110 2021 250 2100 loquutus
269 2025 320 2079 est.
351 2015 423 2078 Nam
442 2012 507 2079 visb
526 2017 597 2076 haec
616 2024 645 2076 et
664 2037 729 2100 spes
747 2015 883 2077 liberandi
901 2020 999 2100 populi
1019 2026 1049 2078 et
1068 2019 1232 2080 mandatum

112 2099 191 2180 quod
212 2097 284 2158 blosi
305 2097 423 2158 daturus
442 2098 495 2155 erat
518 2115 534 2154 a
555 2095 668 2156 loedere
692 2097 864 2178 pendebant,
894 2099 972 2178 quod
996 2100 1140 2180 pepigerat
1163 2097 1259 2160 olim'

111 2199 179 2238 cum
199 2175 339 2238 Patribus.
379 2175 422 2236 lta
442 2174 567 2237 nodtatis
587 2178 709 2258 suspicio
730 2175 839 2236 tollitur
857 2184 888 2244 et
906 2179 1022 2258 erigitur
1040 2181 1151 2238 animus
1170 2177 1232 2238 oto-

110 2259 151 2318 sis
171 2257 206 2316 ad
226 2257 394 2338 sperandam
413 2255 637 2334 redemptionem,
656 2275 729 2336 qnae
749 2259 778 2316 in
798 2259 888 2318 veteri
898 2255 953 2317 Dei
967 2259 1154 2338 promissione
1168 2259 1230 2318 lun·

110 2338 178 2398 data
197 2344 251 2398 est
289 2335 409 2398 Perinde
428 2342 498 2416 erge
510 2335 584 2394 valet
603 2335 727 2416 elogium
746 2336 803 2396 hoe
822 2339 879 2397 acsi
899 2337 1015 2396 dixisset
1034 2337 1128 2397 Deus:
1169 2336 1231 2419 Ego

112 2417 165 2497 qui
184 2417 301 2476 salutem
322 2423 444 2476 vestram
471 2394 532 2479 nihi
557 2433 642 2474 curae
666 2415 728 2475 lore
747 2413 877 2478 Patribus
896 2419 997 2478 vestris
1017 2418 1085 2477 olim
1103 2419 1231 2498 promisi,

101 2497 272 2634 ,quiepenus
290 2495 419 2556 Abrabae
439 2496 555 2576 gratuito
575 2493 688 2554 loedere
707 2481 737 2554 iri
757 2495 842 2556 tidem
862 2515 955 2558 meam
976 2499 1081 2578 accepi,
1101 2501 1160 2558 imo
1179 2499 1230 2578 qui

113 2593 165 2656 pra
203 2577 233 2634 xi
252 2574 304 2636 boe
322 2583 434 2656 tempus
454 2570 584 2639 linbndae
604 2577 694 2655 gentis
714 2583 824 2636 vestrm
842 2577 981 2650 servituti,
999 2596 1076 2636 nune
1095 2577 1130 2636 ad
1149 2595 1230 2659 prae-

111 2655 243 2714 standum
262 2655 342 2716 dictis
361 2655 432 2714 meis
451 2652 529 2716 fidia
549 2655 599 2714 tibi
619 2673 756 2736 appareo:
786 2655 1026 2736 quemadmodum
1055 2655 1140 2715 bodie
1170 2675 1229 2716 om·

109 2755 163 2796 nes
183 2724 238 2794 Dei
257 2736 470 2816 promissiones,
500 2730 528 2796 'at
550 2733 632 2794 nobis
653 2733 765 2794 stabiles
785 2755 818 2794 ao
836 2733 937 2796 firmae
956 2737 1027 2810 sint,
1056 2735 1112 2795 boc
1131 2735 1229 2796 lunda·
1314 2779 1317 2789 1

107 2821 206 2874 mento
225 2815 278 2876 uiti
297 2821 424 2896 oportet,
454 2814 525 2894 qued
546 2813 625 2874 Deus
644 2816 673 2874 iu
695 2813 808 2875 Christo
828 2835 882 2875 nos
901 2815 1049 2896 adoptavit
1068 2834 1156 2896 seque
1174 2813 1229 2876 Pa·

106 2903 181 2956 trem
201 2914 235 2955 ac
254 2893 349 2955 Deum
371 2894 450 2954 nobis
470 2893 526 2954 tote
545 2895 685 2976 pollicitus
705 2901 747 2954 est
767 2893 880 2972 (blattb.
902 2899 950 2970 22,
970 2897 1041 2970 32).
1075 2894 1229 2956 Caeterum

105 2993 145 3035 ex
163 2975 220 3034 boc
239 2975 304 3035 loco
325 2973 453 3034 Christus
472 2990 524 3035 nm
544 2975 650 3053 absque
670 2975 777 3054 optima
796 2977 907 3053 ratione
930 2975 1050 3054 colligit,
1079 2975 1143 3056 pios
1166 2993 1228 3035 esse

104 3061 175 3150 pust
202 3061 325 3114 mortem
353 3055 521 3134 superstites.
571 3049 645 3112 Nam
673 3055 696 3111 si
721 3059 799 3114 totus
823 3053 911 3115 bomo
935 3055 965 3112 in
989 3061 1081 3112 morte
1099 3055 1229 3127 intereat,

105 3140 203 3214 mepta
222 3142 297 3194 esset
320 3133 465 3214 loquutio,
493 3126 550 3212 Ego
574 3152 638 3192 sum
658 3129 738 3192 Deus
756 3131 897 3194 Abrabae.
947 3129 1099 3268 Pinpamus
1119 3131 1228 3192 nullam

106 3231 170 3272 esse
189 3215 307 3294 amplius
317 3211 453 3273 Romam:
472 3227 562 3275 ancon
582 3211 716 3272 ridiculus
735 3214 796 3285 erit,
816 3214 865 3292 qui
885 3229 916 3270 ae
934 3229 1007 3269 voca
1026 3211 1050 3270 it
1066 3207 1229 3270 Romanum
1290 3227 1296 3246 ·
1372 3268 1378 3278 ,

106 3289 281 3354 Consulem?
319 3293 383 3354 Hoc
406 3293 482 3352 enim
505 3291 587 3372 exigit
612 3291 727 3362 relatio,
756 3298 788 3350 ut
810 3289 938 3350 membra
962 3289 1037 3348 iuter
1061 3308 1092 3348 se
1111 3307 1228 3384 respon·

104 3371 201 3431 deaut.
238 3373 303 3434 Alia
328 3375 415 3433 etiam
439 3369 511 3432 ratic
528 3369 726 3430 consideranda
747 3377 802 3444 est,
833 3369 911 3450 quod
931 3387 1022 3447 quum
1041 3363 1122 3426 Deus
1140 3373 1229 3427 vitam

102 3457 134 3511 et
152 3458 274 3512 mortem
293 3453 322 3512 iu
341 3472 428 3512 manu
446 3449 553 3528 lrabeat,
593 3451 672 3510 reeul
698 3449 782 3508 dubio
808 3450 889 3509 vivos
913 3452 1023 3521 servat,
1043 3445 1146 3528 quibus
1164 3445 1229 3508 vult

101 3549 166 3591 esse
187 3534 216 3590 in
234 3539 344 3613 patrem
363 3537 392 3591 et
412 3549 485 3611 quos
504 3473 616 3592 iulldiis
637 3530 695 3588 suis
714 3535 818 3590 censet
847 3525 1089 3610 Ergollbrabam
1108 3525 1185 3586 lsaac
1198 3532 1228 3588 st

100 3607 188 3670 laceb
208 3611 338 3690 quamvis
357 3631 443 3671 carne
462 3606 600 3691 perbrint,
621 3610 721 3692 spiritu
740 3615 834 3670 tamen
853 3609 929 3690 apud
949 3604 1046 3666 Deum
1064 3606 1175 3666 vivunt.

155 3755 158 3762 ¹
185 3693 390 3766 Tremesoetus
408 3701 506 3751 autem
516 3693 625 3751 Moses.
664 3687 764 3750 Posset
777 3689 839 3760 ,boc
856 3687 947 3750 videri
965 3684 1129 3759 absurdum,
1149 3682 1228 3765 quod

102 3787 164 3828 vox
183 3771 383 3830 consolationis
407 3771 490 3853 plena
510 3769 605 3830 blesen
634 3777 737 3830 terreat
766 3769 973 3852 potiusquam
997 3764 1147 3826 exhilaret:
1177 3763 1228 3824 sed

101 3849 173 3907 utile
191 3849 245 3908 suit
263 3847 363 3910 Mosen
383 3851 424 3910 sic
442 3851 539 3912 terreri
557 3849 615 3910 Dei
634 3851 807 3931 praesentia,
837 3868 895 3930 mro
921 3867 952 3910 se
972 3845 1009 3906 ad
1028 3845 1165 3904 maiorem
1183 3861 1226 3904 re-

98 3929 257 3988 verentium
277 3935 481 4012 componeret·
500 3927 559 3990 Nec
579 3950 646 3989 vero
666 3929 725 3989 sola
745 3949 804 3989 vox
817 3926 874 3990 Dei
893 3928 954 3988 eius
974 3925 1099 3986 animum
1120 3923 1226 4004 percel-

95 4006 148 4080 tit,
179 4007 229 4068 sed
253 4009 342 4090 ipsius
361 4012 492 4071 maiestas
511 4012 589 4070 cuius
609 4011 720 4090 signum
739 4011 768 4068 in
787 4009 860 4070 rubo
879 4007 990 4068 ardenti
1009 4002 1149 4064 cernebat.
1189 3999 1244 4063 Et·

94 4085 169 4166 quid
188 4087 294 4148 mirum
313 4089 338 4148 si
356 4087 444 4151 homo
463 4089 500 4150 ad
518 4089 574 4150 Dei
593 4096 777 4169 conspectum
802 4091 924 4149 hamat?
966 4083 1137 4148 Praesertim
1156 4103 1226 4145 vero

93 4165 326 4243 meminerimus,
355 4167 412 4228 hoo
430 4170 517 4232 modo
536 4169 645 4230 animos
664 4167 699 4226 ad
720 4171 849 4228 timorem
869 4175 898 4228 et
917 4165 1103 4227 reverentiam
1125 4165 1227 4246 parari,

94 4246 339 4324 quemadmodum
360 4245 451 4310 Exod.
471 4253 520 4325 20,
539 4253 587 4312 22.
607 4247 739 4308 babeturr
778 4246 882 4308 Vidisti
901 4249 990 4328 signa,
1019 4245 1123 4306 audisti
1140 4242 1227 4305 tubae

93 4325 239 4402 sonitum,
269 4335 304 4388 ut
327 4327 418 4388 diseas
436 4327 533 4389 Deum
551 4329 658 4390 timere.
707 4327 766 4388 Sed
785 4329 906 4408 excipiet
929 4327 1046 4408 aliquis:
1075 4344 1128 4384 cur
1150 4341 1228 4384 nuuc

92 4399 193 4466 Moses
212 4407 394 4472 tremefactus
412 4409 591 4472 considerare
608 4429 668 4472 nou
687 4409 781 4488 audet,
799 4409 849 4488 qui
868 4409 947 4490 prius
965 4405 1099 4470 accedere
1108 4421 1167 4466 nou
1176 4399 1228 4460 du·
