2838 4848
115 3505 117 3511 ,
204 3445 313 3500 sentem
330 3439 535 3520 naqigationern

205 243 264 308 tlt
588 238 627 302 ni
644 237 784 304 EVANG.
804 238 934 306 tosus.

207 356 256 434 qui
274 361 341 418 tunc
358 355 469 416 demum
486 353 540 416 rite
558 356 658 416 colitur
676 375 764 438 quum
781 357 861 418 illum
878 355 1070 437 amplectimur
1088 369 1119 420 sc
1135 358 1221 420 uobis
1241 359 1310 422 olie-

205 439 322 496 rentem.
359 435 461 496 Mirum
479 441 572 495 nutem
590 441 633 495 est
650 437 680 496 in
700 438 823 518 quinque
841 435 987 497 homiuum
1004 437 1123 498 millibus
1148 445 1207 498 tam
1253 461 1311 499 rae·

207 514 319 596 cipitcm
342 513 426 574 tirissc
449 513 604 588 andaciam,
633 516 718 575 utin
741 516 860 576 creando
884 535 959 577 novo
983 535 1047 596 suge
1069 535 1146 576 arma
1170 461 1255 578 Pilais
1282 525 1313 579 et

79 605 83 612 '
207 593 314 674 imperii
331 591 451 652 Romani
468 595 621 672 potentium
639 595 669 654 in
694 600 724 654 'se
742 613 896 675 provocare
919 615 977 654 non
996 595 1154 655 dubitarint.
1192 593 1231 656 Et
1251 617 1313 656 cera

208 680 267 732 turo
286 678 328 730 est
345 690 488 750 nunquam
507 691 541 732 eo
560 673 646 732 luisse
657 693 872 756 progressuros,
895 673 949 734 nisi
966 671 1169 754 Prophetarum
1188 677 1313 734 oraculis

207 751 270 810 ficti
288 748 381 810 Deum
400 769 417 808 u
436 750 560 829 partibus
578 752 635 809 suis
654 757 805 826 stetinum,
828 754 974 832 sequeitur
993 753 1147 833 superiores
1167 752 1227 814 lore
1246 773 1311 834 spe·

175 822 181 835 '
207 836 321 888 russent.
359 827 416 888 Sed
431 831 534 888 interea
554 829 683 889 errabant
701 851 818 912 regnum
836 831 966 912 lingendo
985 831 1063 911 quod
1081 851 1220 910 nusquam
1239 831 1299 891 Pro

206 909 305 988 pbetuo
323 908 590 968 commendaverunt.
608 908 740 969 'Tantum
759 930 826 990 crgo
844 909 923 968 obest
939 915 973 968 nt
991 910 1027 968 sd
1044 916 1165 970 constes
1184 929 1249 970 suos
1268 913 1313 970 iu·

205 987 312 1046 vundos
349 994 503 1046 meseonem
521 986 641 1048 bsbesnt
658 987 714 1048 Dei
731 1004 860 1062 menum,
883 994 916 1047 ut
934 1007 965 1048 se
984 987 1115 1048 Christus
1154 990 1228 1048 otius
1248 988 1312 1048 sub·

205 1067 297 1125 elucet
329 1007 441 1124 butem
459 1067 530 1125 ratio
550 1065 616 1142 luit,
635 1085 686 1126 eur
703 1067 809 1128 tamdiu
829 1066 880 1127 sub
893 1065 1003 1148 Puputu
1023 1068 1115 1128 miseri
1133 1009 1263 1127 bomines
1282 1069 1312 1126 iu

206 1145 296 1203 densis
315 1144 434 1204 tenebris
453 1145 533 1224 quasi
551 1143 615 1206 Deo
634 1145 748 1206 absente
765 1147 858 1228 vogali
876 1147 946 1223 siut,
966 1147 1109 1228 quincius
1129 1146 1238 1206 cultum
1253 1147 1311 1206 suis

205 1225 368 1284 commentis
386 1231 479 1284 totum
497 1224 624 1304 polluere
642 1227 702 1285 nusi
721 1226 838 1286 lucram.

282 1305 329 1366 16.
349 1305 563 1364 Demmdemnt
582 1311 643 1366 eius
661 1306 733 1366 disci
784 1315 817 1366 ts.
837 1301 901 1366 Nou
921 1301 1037 1364 dubium
1055 1311 1098 1364 est
1117 1304 1186 1384 quin
1205 1301 1310 1364 tamdiu

204 1381 289 1440 lutere
307 1382 429 1442 voluerit
447 1381 583 1456 Cluistus,
602 1385 670 1452 dum
687 1391 735 1443 tur
753 1404 770 1444 a
789 1384 935 1444 difflueret.
965 1381 1076 1442 Scimus
1095 1402 1182 1462 quum
1201 1381 1311 1442 difficile

204 1461 242 1518 sit
259 1459 356 1520 sedere
375 1461 541 1542 popularem
559 1469 678 1522 motum.
706 1461 749 1524 A.
787 1464 794 1478 '
815 1464 840 1522 si
858 1461 952 1543 pulum
971 1462 1069 1522 luisset
1086 1460 1312 1540 tentetumqrmd

204 1540 972 1684 ῗξιξξιξιξξξιξιξιξὲῗιξιξξιιιξξξιξιξω
1016 1541 1313 1680 „ffittettti

203 1697 951 1859 ξωιξξιξιξξξιξξωξξξξξωξιξξξιωω
962 1696 1314 1854 ξξξξωρξιξξξ

203 1854 298 1914 ruculo
317 1856 540 1930 natuturam,
560 1857 700 1938 discipulis
719 1857 774 1918 boc
792 1859 907 1939 prodest
924 1855 960 1918 ud
979 1876 1013 1917 co
1131 1855 1195 1914 dum
1213 1873 1314 1914 rursus

204 1953 303 1994 eorum
321 1933 414 1994 fidens.
453 1931 576 2017 Longius
595 1939 680 1996 etium
698 1937 805 1998 fructum
823 1943 927 2008 munet,
946 1938 1012 2015 quia
1030 1935 1162 2015 postridie
1180 1933 1315 2070 eolliqere

204 2014 515 2172 ξξξωξξιξῑιξξ
530 2012 1209 2175 ιξξξξξιιξξιξ“.ιξξξῖξιιξξιξξ“ιξὶ
1226 2031 1315 2154 tlt

204 2171 269 2232 inde
286 2171 404 2232 fuissem
420 2171 552 2232 abstracti
571 2173 624 2234 nisi
642 2173 776 2234 vidissent
794 2173 944 2255 discipulos
963 2173 1019 2233 ulio
1037 2171 1163 2232 mandre.

283 2252 330 2314 17.
365 2251 509 2314 Tembros
526 2261 587 2314 ium
606 2263 698 2316 mm.
736 2253 854 2317 loannes
873 2253 975 2312 mrrltus
995 2249 1214 2316 circumstantius
1233 2267 1314 2328 prae·

204 2333 271 2392 terit
289 2349 359 2411 quas
378 2331 424 2391 elii
442 2340 564 2412 ponunt:
590 2333 680 2414 qualis
699 2335 753 2394 ista
772 2340 829 2407 est,
854 2331 931 2413 qnod
949 2350 1001 2412 per
1019 2329 1127 2409 aliquot
1144 2327 1228 2388 horas
1247 2347 1315 2386 urm

204 2410 323 2470 odierno
347 2416 433 2470 rento
457 2413 554 2472 luctati
577 2420 652 2474 sunt
696 2410 769 2474 Nam
792 2410 937 2494 probabile
955 2417 1000 2472 est
1017 2415 1083 2490 post
1101 2408 1204 2488 primus
1222 2407 1317 2466 nomio

204 2489 333 2584 tenebras
356 2495 447 2548 ortum
469 2490 555 2550 luisse
579 2499 781 2572 tempestatem.
830 2490 1058 2586 Dicuptnuusmr·
1079 2493 1179 2583 quarta
1202 2485 1315 2580 demum

203 2567 298 2706 ξξξ
314 2565 466 2706 ξξωξξξ
480 2587 642 2710 ξξιωξξῒ
655 2571 816 2729 ξωιξξ·
834 2567 1217 2730 „termium
1250 2664 1316 2704 ιιι.

203 2744 254 2785 nes
274 2725 341 2786 dicit
358 2731 426 2786 tunc
442 2727 542 2808 viginti
565 2729 689 2808 quinque
712 2735 763 2788 unt
783 2729 898 2808 triginta
917 2727 1012 2788 ,stadis
1034 2726 1121 2786 luisse
1143 2741 1314 2805 progressos,

204 2807 234 2864 iu
263 2823 298 2864 eo
326 2803 462 2900 luduntur
489 2806 566 2884 quod
594 2813 694 2904 putorpt
717 2825 766 2868 eos
790 2807 937 2887 navigasse
963 2807 1003 2900 in·
1016 2805 1178 2900 ulteriorem
1202 2803 1247 2898 vel
1268 2801 1316 2860 sd·

137 3015 143 3036 ,
204 2881 945 3046 tittttffltttftsst‘l'tffltttt
959 2883 1183 3045 ‘ttulit
1197 2901 1316 3020 miii

204 3041 305 3102 eodem
332 3048 432 3102 tinctu.
481 3041 588 3103 Plinius
612 3045 673 3104 lir.
697 3051 725 3108 5.
751 3065 802 3108 sex
827 3041 992 3120 milliaribus
1016 3043 1109 3102 herrm
1131 3039 1207 3099 himo
1225 3039 1315 3098 lutum

204 3141 266 3182 esse
284 3121 382 3194 trudit,
402 3121 523 3202 longum
546 3129 640 3184 sutem
663 3123 793 3186 sedemm.
843 3123 983 3203 Iosephus
998 3121 1062 3182 libr.
1080 3123 1108 3182 3.
1126 3119 1193 3178 belli
1211 3117 1315 3178 ludoici

204 3207 318 3260 centum
335 3201 377 3259 illi
395 3201 483 3262 stadis
501 3202 531 3262 in
549 3202 764 3284 longitudinem,
790 3203 975 3284 quadreginta
998 3202 1028 3262 in
1051 3199 1225 3260 latitudinem
1249 3197 1315 3256 essi·

205 3285 278 3360 gout
308 3277 398 3340 Porro
417 3299 505 3360 φιιιιιι
524 3288 589 3342 octo
607 3283 696 3342 studio
714 3283 833 3344 mutare
852 3301 940 3344 unsuu
959 3280 1091 3352 efficiant
1110 3277 1176 3338 binc
1188 3277 1315 3356 colligere

203 3365 367 3441 promptum
386 3367 443 3433 est,
463 3367 599 3440 quantum
617 3361 688 3422 alter
705 3361 741 3422 ab
760 3362 850 3422 altero
870 3361 1015 3440 discrepet
1036 3357 1314 3436 Quantmnudproe-

203 3519 352 3579 imutione
370 3519 527 3580 molentum
547 3461 631 3582 dirime
651 3521 754 3582 divino.
798 3519 951 3600 Utcunque
967 3519 1020 3578 ,r‘es
1039 3516 1138 3576 habeut
1156 3514 1247 3586 volrrit
1266 3513 1315 3606 do·

204 3617 268 3660 cere
286 3597 462 3678 Evangelista
481 3601 511 3660 iu
530 3619 640 3660 summo
659 3601 784 3680 periculo
803 3597 890 3660 luisse
908 3603 1048 3668 versatos,
1107 3611 1156 3655 um
1180 3611 1211 3652 sc
1235 3590 1315 3650 Chn-

204 3685 264 3738 stus
288 3679 417 3738 ostendit.
466 3677 566 3738 Posset
594 3685 688 3738 autem
711 3679 800 3738 videri
824 3677 976 3738 absurdum
1005 3697 1044 3756 qu
1109 3673 1149 3732 sic
1178 3677 1317 3730 ementur

205 3755 332 3836 discipuli
350 3757 463 3829 ctrint
482 3777 570 3836 quum
589 3758 649 3816 otiis
668 3757 817 3836 tranquillo
836 3757 873 3816 sit
895 3757 1045 3836 mvigatic.
1088 3751 1146 3812 Sed
1169 3751 1210 3810 ita
1234 3769 1316 3830 saepe

203 3831 344 3894 Dominus
363 3855 429 3896 suos
448 3842 559 3896 enmuet
577 3835 707 3915 gravibus
725 3835 869 3916 potonis,
892 3842 927 3896 ut
944 3853 1011 3896 eum
1030 3835 1060 3894 lu
1078 3831 1241 3894 liberatione
1259 3848 1315 3889 me·

204 3911 258 3971 lius
277 3919 307 3972 et
325 3913 486 3974 familiarius
505 3921 664 3994 agnoscant.
988 3913 991 3922 ⁴

281 3993 328 4052 19.
351 3993 462 4054 Ter-riti
478 4005 555 4053 suut.
595 3991 714 4052 Timoris
733 4011 845 4052 cuusum
865 3995 1028 4075 exprimunt
1051 3991 1152 4072 reliqui
1170 3987 1315 4070 Evangeli-

129 4145 134 4150 .
174 4077 263 4129 ·stue
287 4069 364 4150 qnod
387 4077 529 4150 spectrum
553 4091 614 4132 esse
642 4079 781 4168 putarent.
831 4070 907 4134 Fieri
929 4079 1025 4132 sutem
1047 4092 1107 4132 non
1132 4077 1226 4150 potest
1249 4067 1315 4146 quin

202 4149 388 4210 consternotic
407 4155 437 4210 et
455 4157 547 4212 metus
565 4169 618 4210 uos
641 4153 768 4225 mundat,
838 4171 886 4212 um
910 4151 1000 4212 oculis
1024 4151 1155 4210 obiicitur
1178 4153 1318 4229 spectrum

202 4227 326 4308 aliquod,
346 4227 412 4306 quis
431 4229 476 4294 rel
495 4229 629 4290 Solonem
648 4231 728 4291 nobis
745 4171 865 4292 liuddo
884 4238 1017 4312 putamus
1036 4229 1083 4290 rel
1099 4227 1196 4288 Deum
1214 4223 1320 4304 aliquit

201 4307 374 4387 portendens.
415 4307 564 4370 Caeterum
583 4309 630 4369 bic
647 4317 782 4390 tanqum
800 4311 830 4368 in
851 4309 967 4390 speculo
985 4308 1069 4368 uobis
1087 4306 1222 4388 proponit
1240 4303 1318 4364 loun·

573 3441 688 3513 omno,
716 3435 827 3502 tuntm‘n
851 3440 934 3520 apstii
956 3459 1015 3498 non
1037 3445 1115 3498 recto
1139 3455 1236 3506 cumn,
1264 3431 1315 3492 sed
1407 3461 1408 3468 ι

201 4407 264 4462 nes,
289 4385 379 4466 quetis
403 4390 514 4470 concipi
537 4409 554 4448 n
577 4387 657 4450 nobis
681 4390 770 4470 possit
793 4386 899 4449 Christi
923 4389 1023 4448 notitia
1048 4386 1156 4466 ubsque
1180 4383 1267 4444 verbo
1291 4390 1319 4443 et
1405 4417 1406 4430 ι
