2716 4856
153 177 214 248 οο
418 175 422 182 ·
553 117 905 234 {reseratione¹
1079 269 1085 282 Ι

23 321 72 380 ι.
154 295 224 434 ppta
247 287 378 370 iniquam
399 283 579 360 erat‚rettei
602 285 650 345 rel
672 285 769 366 respui
793 284 872 366 qued
895 283 1295 369 tamedimarpmierebatar

209 390 288 434 novo
307 369 373 443 deo,
391 367 437 428 oui
456 365 513 428 iam
532 385 593 426 sese
611 365 793 426 addixerant:
811 372 841 425 et
859 364 945 445 toage
964 373 1122 447 praestaret
1141 371 1230 450 priua
1246 371 1294 431 bn

154 453 222 513 bere
240 451 386 530 cognitum
405 465 493 528 quam
510 445 763 508 temereadorare.
803 441 868 504 Ηοο
884 445 973 504 modo
993 447 1098 507 iterum
1117 449 1200 508 redit
1219 447 1293 510 Pau·

154 533 201 594 lus
225 529 261 590 ad
286 528 457 610 prineipiam
480 525 566 600 illud,
593 523 660 588 Nou
684 543 769 606 possa
787 519 884 584 Deum
904 526 959 586 rite
978 543 1014 584 ae
1033 527 1082 606 pie
1101 527 1179 602 enti,
1203 529 1294 590 donee

154 601 594 754 ttttdtittitnibbi
608 605 1163 764 mibil'ffidffibiriiw
1182 609 1291 748 fib

153 769 329 914 οοο
344 762 1011 908 enne
1053 683 1287 906 mr

154 939 218 992 tum
236 927 321 988 babet
341 925 394 986 nisi
412 931 632 987 eonsenbanenm
648 922 736 984 verbo
755 939 820 1000 suo,¹
837 922 984 1003 φοοιοὰο
1002 921 1207 986 banniamus
1214 923 1286 986 Pau.

153 1011 199 1071 lus
219 1006 380 1070 bominibus
399 1006 460 1064 sine
478 1003 565 1066 modo
585 1003 678 1064 deliria
697 1001 804 1076 tribuit,
823 1003 902 1083 quad
916 1001 1014 1062 Deum
1034 994 1198 1064 wluertntt
1217 1003 1289 1065 Nan

156 1089 288 1152 Christus
307 1085 500 1146 Samaritanae
519 1084 671 1158 damnans,
690 1078 747 1142 bae
765 1101 824 1142 uno
844 1083 985 1163 priun‘pto
1003 1083 1104 1144 nititur
1121 1090 1154 1146 et
1173 1092 1289 1144 eonten-

155 1177 203 1231 tus
223 1175 277 1242 est,
296 1164 375 1247 quod
394 1165 456 1224 siue
474 1163 590 1225 seientia
610 1161 706 1227 Deum
724 1159 845 1222 adorent
865 1161 919 1236 (lo.
940 1164 969 1236 i,
988 1162 1063 1240 22.)=
1082 1161 1289 1226 tamenDeum

20 1267 25 1278 “
155 1269 187 1310 so
206 1245 339 1311 Abrahae
357 1243 452 1304 catere
470 1241 619 1304 instabant.
658 1237 738 1320 Quid
757 1259 826 1320 ergo
846 1241 882 1304 da
896 1239 1110 1302 Atbnrieun'bas
1130 1243 1291 1306 diomduua

153 1330 217 1404 erit,
258 1329 287 1386 ni
304 1323 416 1404 sepulta
434 1325 631 1402 exstinetaquo
649 1321 712 1382 veri
730 1319 787 1384 Dei
806 1323 960 1394 mensoria,
981 1321 1007 1380 in
1030 1321 1092 1380 eius
1116 1321 1218 1383 tonum
1239 1323 1288 1382 io

153 1427 230 1482 vem,
280 1404 436 1474 eremium,
454 1395 609 1474 Palladem,
628 1407 719 1462 totam
760 1400 873 1462 eiilam
893 1399 1037 1460 eotinviem
1053 1402 1285 1462 substituerunt?

125 1485 128 1495 '
153 1485 338 1567 Respondeo,
362 1479 486 1544 Paulum
510 1479 560 1542 bio
587 1481 705 1542 minime
739 1479 844 1542 aumre
869 1479 948 1560 quod
966 1477 1084 1540 teneram
1101 1481 1287 1554 ananus,

153 1565 204 1660 sed
222 1585 262 1626 ex
280 1581 381 1623 eoram
399 1561 518 1638 affeetu,
540 1561 672 1642 quamvis
690 1558 810 1622 vitiosus
829 1557 929 1636 luerit,
953 1558 1068 1620 tiberem
1085 1558 1207 1620 donandi
1225 1580 1290 1620 ma-

151 1648 454 1860 tantitatem?
461 1713 543 1804 fecit
561 1720 711 1784 οιοοᾶοοο.
744 1717 905 1782 Consilium
924 1716 1007 1780 Pauli
1026 1724 1080 1794 est,
1098 1715 1204 1780 dooere
1210 1737 1290 1858 niba·

126 1851 131 1858 .
152 1804 189 1866 lis
211 1803 248 1864 sit
267 1801 356 1862 Deus.
413 1821 479 1862 οπο
499 1802 567 1881 qaia
585 1801 626 1861 illi
645 1799 790 1882 negotium
809 1807 907 1860 estad
925 1818 1020 1860 sermo
1040 1818 1109 1860 aum
1127 1799 1209 1870 bomi
1244 1818 1290 1872 ¹ns

154 1883 296 1966 profanis,
322 1877 520 1963 probationem
543 1881 631 1941 sumit
649 1880 685 1939 ab
703 1881 772 1962 ipsa‘
784 1886 903 1941 nutura:
927 1877 1097 1961 scriptun-ae
1116 1879 1195 1940 euim
1212 1880 1290 1938 testi·

154 1965 258 2024 moniis
282 1963 388 2022 trustra
412 1967 572 2042 pugnasset.
615 1957 679 2020 Hoa
723 1961 882 2040 repositum
906 1965 1006 2021 sauoto
1031 1959 1182 2040 Apostdo
1206 1957 1289 2019 inisse

52 2042 54 2052 ⁴
155 2039 229 2118 dixi,
253 2049 287 2103 ut
309 2040 495 2104 Athenienses
518 2039 555 2102 ad
578 2057 680 2101 verum
697 1980 795 2113 boum
819 2039 985 2104 addaeeretr
1009 2059 1079 2100 nana
1098 2037 1288 2100 Divinitatem

155 2121 281 2204 utiquam
299 2139 362 2181 esse
380 2121 508 2202 persuasi
526 2123 621 2194 eraut,
645 2125 754 2182 mutum
778 2119 943 2200 eonigeuda
961 2126 1023 2180 erat
1041 2127 1231 2202 praepostera
1248 2137 1287 2180 re·

155 2201 234 2283 ligio.
273 2199 355 2262 Unde
374 2200 533 2281 eolligimns
552 2219 605 2280 per
623 2199 769 2260 flexuosas
787 2197 919 2279 ambages
938 2217 1034 2260 errare
1052 2200 1213 2274 mumdum,
1230 2201 1285 2258 imo

155 2283 186 2344 iu
206 2280 370 2362 labyrintho
389 2280 511 2355 versari,
530 2277 667 2360 quamdiu
684 2281 785 2359 regnat
802 2279 921 2339 ooutnsa
931 2277 976 2338 ‘de
988 2285 1091 2340 natura
1107 2277 1168 2338 Dei
1183 2281 1284 2374 opinio·

155 2359 230 2422 Nam
250 2363 320 2423 baeo
338 2359 454 2420 demum
474 2378 543 2420 vera
560 2360 721 2440 pietatisne
742 2357 787 2418 aia
806 2364 860 2434 err,
879 2357 1008 2420 dbtiuote
1026 2364 1138 2434 tenere,
1158 2377 1286 2438 qum

154 2443 192 2502 ait
211 2439 292 2502 Deus
312 2459 398 2520 quem
417 2439 546 2498 salimur.
584 2435 618 2498 Si
637 2437 701 2518 quis
720 2378 756 2498 ie
774 2437 911 2518 religiono
929 2439 959 2498 iu
978 2457 1083 2519 geone
1101 2445 1227 2498 traetm
1240 2457 1285 2498 ve·

151 2521 202 2598 tit,
227 2521 285 2582 boo
302 2521 498 2600 erit0primum
516 2524 615 2599 eaput,
634 2537 697 2579 esee
715 2517 832 2596 aliquod
850 2537 972 2595 numen,
988 2517 1038 2578 oui
1056 2517 1178 2578 debetur
1195 2519 1283 2578 auitas

154 2599 190 2668 nb
216 2597 391 2660 bominibus:
420 2597 469 2656 sed
494 2599 561 2676 qaia
583 2597 613 2656 id
637 2599 829 2660 eautrorarsia
848 2597 977 2674 earebbt,
1004 2593 1114 2658 Paulas
1133 2597 1173 2658 ad
1188 2617 1283 2658 seom-

154 2679 223 2744 dum
247 2685 335 2759 eaput
359 2675 515 2750 deseendit,
539 2675 654 2738 Debere
675 2677 712 2738 ab
732 2678 864 2739 omnibus
882 2677 1025 2762 figmeub's
1044 2678 1168 2740 diseerm
1187 2695 1281 2738 mum

55 2829 59 2838 1
85 2837 89 2842 Ι
152 2759 259 2820 neum.
305 2756 345 2816 Ita
366 2755 515 2816 exordium
534 2754 603 2816 iacit
621 2773 639 2816 a
658 2755 822 2818 definitione
840 2755 913 2833 Dei,
935 2757 1055 2818 atinde
1074 2757 1188 2839 probet,
1210 2777 1279 2837 quo

153 2839 241 2898 modo
260 2837 298 2896 sit
317 2834 460 2911 colendus,
480 2833 547 2916 qaia
566 2835 688 2896 alterum
706 2855 743 2898 ex
762 2837 852 2898 altero
871 2837 1022 2920 dependet:
1049 2837 1128 2898 unde
1143 2839 1212 2898 eninr
1230 2842 1273 2894 tot
1347 2863 1348 2894 t

153 2917 329 3000 praeposteri
348 2913 455 2990 cultus,
474 2921 611 2998 tantaque
630 2913 660 2976 iu
679 2917 735 2977 iltis
754 2917 873 2978 subinde
891 2916 1027 2998 augendis
1047 2919 1196 2990 temeritas,
1218 2916 1272 2974 nisi
1347 2895 1348 2931 ¹

153 2997 222 3078 quia
246 2995 343 3057 Deum
366 2993 419 3054 eibi
432 2995 561 3076 ‘proprio
586 2993 703 3056 arbitrio
726 3015 826 3058 omnes
849 2997 1041 3058 fabricarunt?
1085 2995 1164 3058 Nihil
1184 2999 1273 3055 autera

152 3077 243 3160 magis
266 3075 407 3159 proclive,
432 3094 520 3155 quam
548 3073 706 3136 adulterare
722 3087 834 3156 purum
853 3075 909 3138 Dei
933 3077 1056 3150 auitam,
1080 3075 1132 3138 ubi
1156 3076 1276 3136 bouiaes
1346 3135 1347 3146 ¹

153 3177 191 3221 ox
221 3177 275 3218 suo
303 3175 388 3216 sensu
412 3161 442 3216 et
465 3157 577 3235 ingenio
602 3153 698 3216 Deum
723 3157 893 3218 aestimante·
913 3175 1001 3237 quare
1028 3155 1067 3216 ad
1097 3155 1281 3218 destrnmdua
1346 3153 1347 3203 l

153 3253 254 3301 ornnes
275 3236 394 3297 vitiosos
417 3234 511 3295 cultus
534 3233 604 3296 nibil
622 3237 715 3316 aptius
733 3243 792 3314 est,
812 3255 899 3317 quam
919 3237 974 3296 boo
992 3235 1144 3299 exordium
1165 3255 1284 3308 mutere,

153 3315 257 3456 gualis
282 3318 320 3376 sit
342 3314 399 3376 Dei
422 3323 532 3376 natura.
576 3314 627 3376 Sin
650 3317 735 3375 etiam
758 3318 941 3377 ratiocinatur
960 3314 1102 3392 Christus,
1121 3316 1165 3376 ln.
1186 3317 1216 3390 t,
1236 3317 1283 3378 tt:

184 3415 235 3456 eus
259 3396 372 3477 spiritus
392 3400 448 3454 est:
472 3414 540 3474 ergo
563 3396 685 3456 oultoras
703 3414 763 3456 nou
781 3395 853 3458 alios
873 3395 987 3477 prebat,
1010 3397 1065 3456 nisi
1084 3398 1135 3476 qui
1157 3397 1285 3478 spiritua-

154 3475 219 3536 liter
234 3495 300 3536 eum
315 3475 421 3534 entant.
446 3471 485 3534 lit
497 3493 565 3533 sane
580 3495 637 3534 non
652 3473 791 3536 subtiliter
804 3476 931 3557 disputat
948 3476 984 3536 de
1002 3493 1106 3536 areana
1115 3475 1176 3537 Dei
1195 3497 1285 3536 essen·

153 3555 208 3628 tia,
238 3553 288 3614 sed
314 3552 350 3612 ab
373 3553 506 3634 operibus
530 3553 718 3627 demonstrat,
748 3575 888 3636 quaenam
913 3557 989 3615 utitis
1013 3556 1050 3614 sit
1069 3559 1131 3616 eius
1153 3557 1285 3638 nomin

154 3631 234 3712 Quid
263 3639 358 3694 mrtem
386 3633 453 3694 iude
484 3634 591 3714 onltigit
614 3632 736 3710 Paulus,
787 3635 843 3696 uod
868 3635 948 3695 Deus
972 3641 1086 3694 mentor
1110 3643 1158 3696 est
1179 3637 1284 3708 mandi

154 3736 172 3774 ο
194 3713 251 3774 ilex
269 3719 300 3773 et
318 3711 468 3774 dominus?
491 3733 594 3808 nempe
612 3731 757 3810 eumnuou
810 3711 902 3776 bitare
921 3716 951 3775 in
970 3715 1085 3812 templis
1104 3717 1286 3776 manufactis.

153 3793 1034 3969 οοοοοοοοοοοοοοοο
1046 3795 1289 3950 ‘tamis

154 3957 252 4036 quitm
275 3953 360 4014 nullis
384 3953 512 4014 locorum
538 3953 636 4012 sotiis
660 3951 765 4012 moludi
789 3955 883 4034 ipsum
907 3973 1001 4038 posse.
1045 3895 1173 4016 iidetur
1193 3964 1285 4016 tamer

154 4051 330 4113 supervacua
354 4033 441 4130 iuispe
459 4032 530 4130 haee
548 3971 776 4128 (lemopstratio,·
803 4033 865 4128 'uod
885 4033 1016 4113 exceptio
1035 4033 1066 4094 iu
1107 4043 1231 4130 ramptu
1250 4037 1283 4096 te

153 4111 821 4282 οοοοοοοοοο,
844 4113 1288 4274 etseras-enen

146 4272 248 4328 inerret.
288 4267 473 4348 impendeo,
496 4291 597 4332 verum
621 4289 683 4332 esse
707 4271 785 4352 quod
808 4275 895 4354 panto
915 4279 980 4334 ante
1003 4275 1149 4335 admonui.
1231 4279 1288 4336 ote·

53 4439 56 4446 γ
153 4343 265 4455 latriam
284 4358 382 4408 seeum
400 4369 536 4432 pugnare.
574 4349 655 4414 Deos
674 4371 709 4412 se
724 4354 836 4444 preeari
862 4351 993 4418 dicebant
1015 4353 1156 4416 inereduli
1183 4357 1224 4416 ad
1243 4376 1288 4418 ee
