2818 4848
625 87 640 124 i

20 245 22 253 v
151 229 212 293 ran
419 218 421 228 ·
545 209 987 288 murmuroenh'

31 315 34 330 ’
152 344 196 403 ius
215 339 514 402 excommunicationis
532 337 605 400 istso
623 341 769 436 praetexit.
790 336 885 401 Coeus
894 335 1281 416 rebiepoumoslolulmlnst

152 428 252 481 eontra
271 439 368 482 omnes
388 421 465 500 pies,
494 419 544 480 sed
568 417 714 480 Chnstum
738 439 755 479 e
775 418 981 480 eoelesti'solio
1000 416 1119 479 deiicere
1139 429 1277 481 conatur:
1394 461 1395 464 =

150 507 181 562 et
200 509 294 561 tamen
313 497 428 558 titulum
447 517 543 559 sacrue
561 499 773 574 iurisdictionis,
802 515 860 578 qua
878 495 1032 558 horientem
1054 517 1136 559 suam
1162 504 1281 562 ornavit
1394 505 1395 510 ’

150 580 290 656 Christus,
308 579 488 658 impudenter
506 577 660 640 obtendere
679 597 738 638 non
758 575 876 638 dubitat.

229 663 276 721 43.
294 661 471 719 Dilexerurn
489 666 566 718 mim
607 661 721 718 tortam.
761 655 849 735 Quod
871 656 950 721 nulla
975 657 1035 718 istis
1057 658 1159 720 inlecta
1185 659 1277 722 inerit

149 739 323 834 mperatitio,
343 738 392 797 sed
412 737 505 797 solum
523 681 606 818 apul
617 736 746 799 homines
766 735 903 818 probrum
921 737 1082 816 iugitmint,
1101 739 1203 799 sllsertc
1223 760 1274 800 ex·

168 815 441 897 nmrtEvnngehata.
467 813 541 877 Nam
560 817 584 876 si
602 816 667 896 plus
686 815 762 896 apud
781 833 829 878 ees
848 817 939 877 votuit
952 815 1070 876 ambitio
1086 836 1173 897 quam
1186 820 1275 879 timor

146 841 213 972 hei,
232 897 359 976 seqnitur
377 897 454 956 inani
472 897 660 956 eonscientiae
679 903 757 956 metu
776 888 862 956 luisse
881 895 1024 964 liberatos.
1049 895 1111 956 lam
1120 897 1277 958 observent

146 977 281 1038 lectores.
300 981 423 1056 quantae
442 977 609 1055 ignominiae
630 975 779 1044 damnetur
798 975 874 1056 apud
894 974 989 1034 Deum
1010 993 1111 1035 eornm
1129 975 1277 1050 timiditas,
1396 1029 1397 1046 ,

146 1059 197 1138 qni
215 1055 301 1115 iidem
318 1073 401 1114 *suam
419 1055 496 1136 apud
513 1054 643 1114 homines
661 1054 783 1114 invidiae
800 1061 879 1115 metu
899 1054 1084 1114 dissimulant.
1126 1053 1275 1134 Quidma-

144 1139 432 1278 tetthen
449 1135 602 1276 tihi
616 1131 1276 1293 miiieffll'filittitrlhtnlttllffli

145 1235 244 1356 uelles
256 1295 436 1432 prenuntiat,
448 1233 506 1389 qlirpr
524 1233 673 1354 homolus
690 1257 824 1355 invidiam
840 1292 983 1354 deehnant
998 1291 1047 1352 nbi
1057 1234 1272 1388 wnfipnnaplsr
1397 1370 1398 1392 ,

143 1371 1021 1531 titthiltibolthit⁰³ttltiltttte²ih
1032 1381 1269 1512 tilithi

143 1528 243 1594 disset:
264 1531 365 1614 quibus
385 1530 479 1592 verbis
498 1531 648 1613 significat,
667 1532 717 1594 nbi
736 1533 801 1613 quis
820 1522 919 1592 oculos
938 1533 968 1592 in
982 1530 1077 1591 Deum
1096 1531 1202 1606 defixit,
1220 1531 1264 1591 in·

139 1612 263 1710 haetnm
283 1619 312 1672 et
329 1611 394 1692 plns
414 1631 501 1692 quam
520 1613 730 1708 adamantinum
749 1613 812 1708 iore
830 1613 891 1672 eius
902 1618 1018 1752 ippctus.
1043 1609 1098 1707 liic
1112 1630 1179 1700 ergo
1193 1611 1265 1705 mol·
1299 1703 1303 1708 Ι

142 1691 230 1765 hhes,
260 1710 333 1771 qrrae
357 1709 410 1752 nos
435 1692 473 1752 ad
494 1691 632 1772 persidam
656 1691 901 1752 srmurlntroneurrl
944 1709 1011 1751 uere
1030 1690 1111 1764 laert,
1139 1689 1218 1770 qnod
1236 1710 1267 1748 ιιι

141 1767 382 1852 mnndi'aspeetu
407 1790 506 1832 seusus
526 1789 625 1832 omncs
648 1773 739 1834 noun
763 1771 932 1832 hebescunt:
971 1789 1039 1829 nom
1060 1772 1186 1830 sincerus
1210 1767 1268 1830 Dei
1398 1825 1399 1830 ,

140 1857 271 1931 aspectus
295 1851 390 1910 atatim
409 1869 507 1912 omnes
532 1871 550 1912 e
571 1871 621 1911 um
644 1849 837 1911 othonorum
862 1849 956 1910 fumos
980 1849 1142 1910 discuteret.
1193 1847 1266 1909 liant

140 1947 226 1999 nuuc,
247 1929 349 2009 quibus
368 1931 431 1990 leve
450 1873 570 2011 aliquos
586 1936 616 1991 et
634 1933 716 2011 quasi
735 1930 846 1991 veniale
861 1929 995 1988 delictum
1005 1928 1268 1991 videturesseobli·

140 2029 198 2091 qna
218 2007 324 2094 Christi
343 2009 500 2090 abnegatio,
521 2029 612 2092 quum
630 2029 667 2072 ex
686 2010 807 2072 adverso
826 2011 991 2090 pronuntiet
1000 2006 1135 2090 Spiritus,
1155 2007 1268 2068 foedius

139 2089 197 2150 hoc
214 2094 379 2169 portentum
398 2107 460 2150 esse
479 2109 566 2170 quam
585 2091 608 2149 si
629 2090 741 2152 coelum
759 2095 853 2150 terrae
871 2089 1030 2148 misceatur.
1071 2091 1204 2148 Olor-tens
1213 2091 1267 2148 in·
1399 2073 1400 2102 ³

139 2177 250 2230 aninum
270 2191 371 2229 amore
389 2168 445 2230 hoe
463 2169 529 2230 loco
548 2168 696 2251 significat,
714 2168 792 2232 velle
808 2168 885 2250 apud
904 2167 1034 2228 homines
1052 2170 1082 2226 in
1100 2168 1192 2246 pretio
1211 2167 1265 2226 ha·

138 2249 207 2309 beri.
245 2246 322 2328 Ergo
341 2249 429 2309 intelli
450 2249 471 2308 't
488 2247 738 2330 Evangelista,‘ita
756 2250 864 2310 mundo
884 2247 1009 2308 addictos
1026 2246 1112 2305 inisse
1130 2247 1208 2322 istos,
1227 2251 1263 2305 ut

138 2327 298 2390 hominibus
317 2347 404 2406 quarn
453 2349 488 2389 eo
507 2329 619 2409 plaeere
638 2331 762 2390 mallent
801 2329 884 2390 Adde
904 2325 983 2408 qnod
1001 2326 1069 2386 dnm
1084 2323 1191 2386 Christi
1209 2323 1259 2384 ab·
1334 2353 1338 2359 ·

137 2413 285 2488 negatores
305 2407 361 2466 hoc
380 2409 498 2468 crimino
516 2415 642 2484 accusat,
673 2410 756 2469 simul
780 2407 902 2470 ostendit
925 2425 1029 2466 vanarn
1052 2413 1082 2466 et
1105 2403 1185 2466 nihih
1210 2425 1261 2465 ex·

138 2487 422 2548 communicationem
441 2487 540 2562 inisse,
561 2507 618 2568 qun
638 2487 789 2548 Pontifices
808 2493 919 2568 praeter
937 2488 981 2546 ius
1001 2493 1030 2547 et
1048 2486 1091 2546 ias
1109 2481 1262 2544 abuteban-

118 2574 195 2627 sur.
239 2563 337 2642 Quare
360 2566 445 2626 inane
467 2583 529 2626 esse
557 2568 817 2628 terriculamentum
845 2567 981 2639 sciamus,
1011 2565 1147 2646 quicquid
1176 2563 1263 2624 hodie
1303 2573 1315 2622 ,“

135 2645 347 2708 anathematum
365 2652 462 2725 crepat
479 2643 572 2726 Papa,
591 2646 640 2706 uhi
659 2647 740 2708 nobis
759 2652 836 2707 certo
855 2647 961 2708 conscii
980 2664 1087 2722 sumus,
1106 2643 1176 2705 nihil
1194 2663 1262 2708 eum

134 2724 211 2786 uliud
231 2723 324 2782 moliri
344 2743 431 2804 qnam
449 2730 483 2784 ut
500 2745 554 2785 nos
574 2744 591 2784 a
611 2725 725 2788 Christo
747 2726 875 2788 abducat.
1242 2765 1245 2774 ι

214 2804 263 2866 44.
282 2805 367 2864 lenes
385 2813 482 2866 eston
500 2807 645 2868 clamauit.
684 2805 749 2866 lluc
768 2813 876 2888 spectat
895 2807 1042 2884 sententia,
1060 2812 1095 2866 ut
1114 2825 1182 2866 suos
1201 2807 1260 2866 ani·

134 2888 195 2946 met
214 2881 345 2942 Christus
364 2883 401 2943 ed
420 2885 523 2947 iustam
542 2890 573 2945 et
590 2887 774 2947 inflexibilem
791 2885 859 2948 fidei
878 2889 1080 2948 constantium:
1101 2885 1200 2945 subest
1217 2892 1260 2944 ta·

133 2983 200 3024 rnen
219 2963 304 3027 etiam
322 2963 490 3044 increpatio,
510 2985 567 3046 qua
586 2967 725 3046 corrigere
744 2966 837 3026 voluit
855 2975 1020 3046 perversum
1039 2965 1122 3024 illum
1141 2969 1258 3023 metum.

133 3039 251 3106 Clamor
269 3041 306 3101 ad
324 3042 532 3104 vehementiam
550 3045 627 3120 iacit,
646 3047 713 3126 qnia
731 3065 791 3110 non
811 3044 931 3126 simplex
950 3043 1257 3117 estrloetrina‚se‹lex-

132 3121 257 3184 hortatio
276 3121 313 3182 ad
330 3124 408 3203 ipsos
427 3125 517 3185 acrius
537 3125 729 3186 stimulandus.
759 3123 878 3188 Summa
897 3132 950 3199 est,
1010 3124 1046 3184 od
1056 3122 1166 3183 helesin
1176 3122 1257 3184 Chri·

132 3209 178 3263 sto
197 3203 304 3262 nonin
324 3201 467 3264 hominem
487 3207 648 3344 quempiam
666 3205 829 3280 mortalem,
858 3203 908 3263 sed
931 3206 962 3264 in
1015 3223 1081 3267 eum
1104 3202 1259 3263 recumbit:

67 3327 71 3336 .
132 3283 199 3364 qnia
217 3281 287 3342 nihil
306 3283 336 3341 in
355 3283 470 3344 Christe
490 3286 544 3346 nisi
583 3287 689 3346 'riuum
708 3286 831 3353 invenit.
855 3286 914 3344 ime
937 3285 968 3344 in
987 3283 1047 3344 eius
1066 3283 1139 3342 faeie
1157 3281 1256 3343 Deum

57 3361 60 3368 ’
130 3365 267 3424 intuetur.
308 3362 374 3422 Inde
393 3363 628 3426 absurdum'essc
646 3363 956 3446 colhgitetindiguum‚
975 3361 1254 3442 eamquasidubiam

130 3451 239 3504 nutare.
280 3441 371 3504 Maior
388 3443 465 3504 enim
482 3443 545 3505 ficri
562 3443 629 3506 Deo
647 3447 748 3505 iniuria
766 3463 825 3503 non
843 3450 946 3524 potest,
965 3461 1052 3524 quem
1066 3442 1090 3501 si
1103 3441 1183 3502 nohis
1191 3442 1254 3510 eius

129 3525 233 3584 veritas
252 3543 309 3583 non
329 3523 458 3584 sufficiat.
497 3523 525 3584 Is
544 3543 613 3606 ergo
632 3525 747 3586 demum
766 3524 796 3583 in
810 3521 964 3604 Evangelio
983 3524 1037 3583 rite
1054 3519 1181 3608 proiecit,
1200 3521 1252 3600 qui
1281 3581 1283 3586 .

129 3603 232 3664 fidncia
251 3603 304 3664 hae
323 3603 460 3664 subnixus
478 3623 537 3664 non
556 3621 587 3663 se
601 3603 770 3678 hominibus,
790 3603 839 3664 sed
849 3601 914 3664 Deo
924 3603 1037 3664 credero
1047 3609 1141 3662 eontra
1151 3619 1253 3660 omnes

128 3682 251 3744 Satanm
268 3683 412 3744 machinas
431 3679 530 3745 finnus
549 3703 583 3744 ae
603 3686 714 3763 quietus
733 3684 865 3764 persistit.
894 3681 934 3744 Er
980 3681 1254 3744 ntDeotrlbuumna

129 3783 212 3824 suum
231 3763 379 3838 honorem,
397 3783 458 3825 non
478 3763 570 3824 solum
589 3763 697 3824 arunde
717 3765 880 3841 vacillante,
899 3783 930 3825 se
969 3759 1075 3823 Seiana
1094 3763 1179 3822 etiam
1193 3766 1254 3821 tnr-

128 3841 212 3902 baute
230 3849 262 3902 ct
279 3843 464 3904 labefactante
483 3843 618 3923 quioquid
638 3843 690 3902 sub
710 3845 790 3904 coelo
810 3851 863 3918 est,
883 3843 1015 3903 eundum
1033 3841 1253 3903 infidecssesli·

127 3939 248 3982 seamus.
288 3920 431 3983 Dicuntur
448 3921 545 3982 fideles
563 3923 594 3982 in
613 3921 760 3984 Christum
779 3945 839 3984 non
857 3921 986 3992 credere,
1011 3923 1125 4002 quanm
1144 3924 1176 3981 in
1200 3919 1253 3980 hu-

126 4019 212 4062 mano
231 4000 292 4059 eius
309 4009 428 4081 aspectu
446 4017 504 4062 non
524 4001 688 4062 subsistunt.
728 4001 802 4064 Nam
820 4003 867 4062 hle
886 4023 953 4064 cum
971 4001 1056 4062 Patre
1080 4021 1112 4061 se
1136 4021 1203 4062 com
1240 4037 1252 4050 ·
1304 4063 1315 4076 ,

125 4099 192 4140 rans
209 4077 268 4138 Dei
286 4081 418 4141 virtutem
436 4083 577 4162 respicere
600 4101 654 4142 nos
678 4082 770 4156 iubet,
799 4083 866 4164 quia
890 4083 983 4144 earnis
1006 4081 1154 4142 insumitas
1202 4081 1251 4142 'il

124 4179 178 4241 per
196 4177 227 4219 se
245 4157 384 4217 iinnitatis
402 4157 495 4220 habet.
524 4159 628 4221 Postea
648 4181 738 4242 quum
756 4161 909 4242 discipulos
929 4161 1097 4235 hortabitur,
1117 4162 1199 4222 utin
1219 4181 1252 4221 se

125 4237 249 4310 aedani,
268 4237 339 4295 alius
359 4239 413 4297 erit
432 4257 538 4300 senem.
577 4237 678 4321 Neque
697 4243 773 4302 euim
791 4243 849 4302 illie
868 4240 1114 4324 opponitnrDeus
1132 4241 1251 4312 homini,

125 4319 176 4382 eod
194 4315 324 4377 Christus
343 4317 373 4375 in
391 4317 516 4376 medinm
533 4338 600 4379 cnm
619 4322 676 4380 suis
696 4321 827 4380 omnibus
846 4321 928 4386 donis
947 4323 1095 4397 statuitur,
1119 4339 1195 4403 quas
1213 4321 1249 4381 ad

126 4396 301 4462 retinendam
320 4391 404 4456 fidem
422 4402 547 4458 nathum
566 4401 634 4459 sotir
653 4401 748 4462 valore
766 4399 876 4464 debent
