2818 4848
178 173 238 238 256
576 177 617 240 ut
633 172 770 240 EVANG.
788 167 921 236 lOANN.

180 289 364 352 contentione
383 293 474 357 cedit:
491 293 540 354 aad
559 289 619 352 vult
636 288 722 350 lavari
740 291 826 347 totns.
856 282 895 346 Et
912 285 1254 372 veraqutdemagnosc‘d,
1272 309 1305 356 sa

179 377 276 434 totum
294 379 424 468 quantus
444 379 562 456 quantus
579 373 622 429 est
643 372 743 426 natura
765 363 895 426 sordibus
918 365 1050 427 eruum
1073 387 1152 446 esse,
1182 371 1307 452 ideoque
1362 397 1363 400 ¹

180 449 253 510 ιιίΙιίΙ
271 468 328 531 agr,
348 453 374 513 si
393 473 451 516 una
469 456 573 512 nutum
590 447 619 506 iu
637 451 717 525 porte
736 441 874 506 abluatur.
912 441 972 504 Sed
988 443 1035 506 blo
1052 465 1170 546 quoquo
1189 471 1244 532 par
1265 452 1308 511 in·

180 530 367 610 cogitantia'm
392 537 481 606 errat,
510 525 584 608 quod
605 542 671 618 eoos
691 531 754 584 tum
771 525 829 584 iam
847 522 1014 618 beneficium
1030 545 1083 606 pro
1100 527 1194 590 mbilo
1215 529 1308 590 ducit.

179 593 306 672 Perinde
325 613 402 672 enim
419 609 541 688 loquitur
557 621 613 662 amr
632 623 651 662 u
694 601 825 663 aadhuc
842 609 1022 684 peccatorum
1031 606 1203 684 remissione,
1222 609 1311 670 ubba

180 685 309 754 Siritus
328 687 541 750 sanctificatione
560 679 680 742 donatus
700 689 782 743 essct
821 679 921 764 ltaque
945 679 1049 743 merito
1072 683 1119 746 bio
1142 705 1260 768 quoque
1285 707 1309 748 a

179 766 209 828 C
246 771 255 788 ⁶
319 789 349 830 re
368 764 535 828 rehenditur.
549 757 644 856 ‚Quid
662 763 738 822 enim
756 761 799 822 illi
818 768 900 822 mma
919 761 1071 823 contulerit
1088 765 1118 824 in
1136 767 1308 830 mortam

181 857 308 912 revocat
341 789 512 924 &umquam
534 840 619 936 amad
638 860 736 902 omues
755 859 823 902 suos
847 839 982 980 admondclq
1004 839 1061 937 snb
1077 843 1162 940 unios
1178 844 1308 906 bominis
1357 903 1360 908 .

182 945 319 1090 anst
337 927 815 1080 interuentus
832 920 910 1060 rt
926 919 1146 1076 attat
1159 929 1311 1085 ιιιιι

183 1085 262 1148 omni
280 1101 315 1144 ex
333 1085 413 1160 parte
431 1079 497 1159 puri
516 1080 586 1154 siut,
615 1077 744 1140 utnulla
767 1080 798 1140 tn
820 1079 876 1142 illis
899 1078 1010 1140 macule
1034 1081 1159 1161 amplius
1182 1079 1309 1156 hument,

183 1166 235 1228 aed
252 1159 383 1244 quoniam
401 1159 553 1240 praecipua
572 1157 616 1218 sui
635 1164 715 1240 parte
733 1157 861 1220 numdati
879 1165 960 1234 aunt,
980 1158 1050 1220 dum
1064 1159 1308 1223 stilloctablatum

182 1251 232 1340 est
245 1257 360 1320 reguum
378 1243 512 1317 peccato,
535 1244 569 1298 ut
587 1237 693 1332 iustitia
711 1236 768 1299 Dci
792 1237 921 1319 superior
945 1237 996 1334 sit:
1022 1239 1263 1336 quamadmodum
1281 1240 1309 1302 st

182 1323 354 1462 nac
366 1315 1307 1494 Ἧι..

37 1523 43 1542 .
180 1485 234 1550 tet,
262 1473 377 1555 quaudo
406 1493 439 1536 se
467 1476 596 1572 puritatis
620 1482 765 1536 auctorem
788 1476 819 1536 iu
842 1476 901 1536 suis
920 1475 1051 1537 omnibus
1069 1495 1129 1536 csse
1147 1477 1304 1558 praedicat.

67 1553 69 1556 ’
178 1557 331 1616 crebrum
349 1555 422 1616 baec
440 1560 524 1616 atram
543 1545 630 1614 altera
649 1553 801 1616 similitudo
825 1553 863 1616 ad
889 1575 951 1616 rem
999 1562 1154 1618 raeseutem
1181 1555 1307 1618 atauus
1384 1561 1385 1566 ’

178 1640 232 1710 ast,
250 1652 288 1694 ne
306 1635 502 1715 lotiopedum
522 1635 603 1716 quasi
622 1633 743 1696 absurda
762 1635 926 1696 reticeretur
942 1653 961 1696 a
975 1575 1071 1697 iutro.
1109 1633 1307 1714 Qnenmdmo·

178 1713 248 1775 dum
266 1713 343 1774 enim
360 1693 492 1776 (insistat
511 1733 529 1773 a
547 1715 639 1800 capita
658 1733 750 1798 nsque
768 1714 805 1774 ad
822 1715 911 1796 pedes
929 1713 1032 1792 abluit,
1058 1733 1132 1796 quos
1150 1715 1205 1776 sibi
1223 1715 1306 1776 disci·

178 1793 263 1877 pulos
281 1794 381 1868 initiat
400 1794 441 1854 ila
458 1795 489 1854 iu
507 1794 547 1854 eie
567 1813 639 1874 quos
653 1795 790 1876 purgavit
807 1793 925 1855 interior
942 1813 1009 1876 pars
1023 1791 1307 1876 quotidiepurgauda

177 1879 275 1936 restat.
314 1871 415 1955 Neque
433 1875 508 1932 enim
527 1875 620 1954 primo
639 1876 735 1934 statim
754 1874 800 1935 die
818 1873 872 1934 toti
890 1882 1091 1954 regenerantur
1109 1873 1161 1934 lilii
1179 1871 1250 1950 Dei,
1268 1879 1305 1934 ut
1387 1883 1388 1886 ’

178 1952 250 2016 nihil
365 1952 523 2025 &coelestem
541 1953 631 2014 vitam
649 1955 769 2036 spirent:
789 1955 859 2034 quain
876 1955 972 2036 potius
990 1961 1107 2014 manent
1124 1955 1155 2016 iu
1172 1954 1230 2014 illis
1245 1971 1307 2013 aar·

59 2092 68 2100 ,
176 2035 222 2094 uis
284 2031 574 2114 iqumc‘quibuscum
592 2037 653 2093 toto
672 2034 731 2094 ritu
749 2033 894 2096 assiduum
913 2039 1055 2094 certamen
1073 2033 1186 2094 babent
1220 2023 1309 2113 ¹Ergo

57 2603 59 2606 ’
179 2591 377 2664 renovatione,
396 2607 454 2668 qua
472 2589 608 2669 paulatim
628 2595 662 2648 ot
677 2609 728 2670 per
747 2591 895 2650 continuos
915 2605 1063 2650 successus

177 2114 264 2194 pedes
281 2111 473 2194 metaphorice
491 2119 746 2174 vocantur'omnes
765 2113 884 2175 affectus
903 2119 933 2174 et
952 2131 1044 2188 omae,
1054 2113 1154 2193 quibus
1163 2112 1313 2173 mundum‘
1390 2137 1391 2140 ¹

178 2192 378 2273 oontiugimus.
417 2189 491 2252 Nam
510 2193 536 2251 si
554 2211 652 2252 omnes
670 2193 762 2253 nostri
782 2197 879 2275 portes
902 2196 1052 2274 oocuparet
1069 2191 1204 2272 Spiritus,
1229 2189 1307 2250 nibil

111 2321 117 2332 .
179 2291 248 2332 oum
264 2270 512 2332 mundicordibus
530 2270 612 2330 uobis
631 2273 752 2354 amplius
770 2279 857 2332 essetr
884 2289 963 2332 nuno
986 2289 1053 2332 vero
1076 2289 1133 2350 qua
1146 2276 1233 2351 'perta
1252 2289 1303 2330 su·
1392 2290 1393 2298 ¹

178 2359 245 2412 mus
274 2350 400 2410 carnales
423 2349 503 2410 hunni
525 2350 678 2430 reptando,
706 2351 754 2412 vel
777 2351 876 2411 salum
900 2351 987 2432 pedae
1009 2351 1040 2410 in
1062 2349 1155 2410 lutum
1178 2347 1308 2445 sugendo,

178 2430 347 2492 tantundem
365 2430 503 2490 iuunundi
521 2447 630 2490 sumus.
653 2430 696 2490 lta
715 2450 826 2512 semper
844 2431 952 2490 invenit
962 2427 1090 2508 Christus
1109 2427 1189 2510 quod
1208 2450 1238 2489 ιιι
1251 2448 1307 2489 uo·

179 2509 223 2576 tia
242 2515 355 2592 purget
391 2509 482 2570 Porro
501 2509 548 2568 bic
567 2509 603 2570 de
621 2511 785 2571 remissione
803 2515 987 2591 peccatorum
1005 2529 1064 2571 nou
1081 2507 1308 2652 menide

1237 2607 1307 2650 suos

61 2685 64 2690 ’
106 2687 111 2703 ‘
178 2689 296 2752 prorsus
315 2687 334 2728 a
352 2669 444 2730 aarum
462 2668 663 2748 cupiditatibus
682 2669 788 2728 cxinrit.

258 2751 307 2844 10.
345 2749 387 2810 Et
405 2767 457 2808 ooa
474 2751 576 2841 mundi
595 2756 671 2808 ertia.
718 2747 799 2845 Haec
822 2748 979 2830 propositio
986 2719 1043 2844 ''est
1061 2747 1144 2828 quasi
1162 2746 1256 2808 minor
1273 2746 1308 2809 im

129 2867 132 2876 '
177 2820 1309 2990 tbtttatttlitttt‘tttitttttttttttttlttntr

177 2986 361 3082 resipiscendi
379 2985 497 3080 affectus
522 2989 686 3066 quanquam
703 2987 733 3046 iu
752 2993 880 3082 tempora
898 2986 990 3046 voluit
1007 2985 1135 3066 reliquos
1154 2985 1309 3068 discipulos

178 3085 299 3141 munus,
317 3085 354 3125 ue
373 3065 494 3140 scelerrs,
513 3065 593 3146 quod
609 3085 680 3126 mox
698 3066 923 3147 patalomendum
941 3073 1010 3141 mot,
1028 3068 1163 3128 atrocitas
1182 3085 1231 3128 eoa
1246 3073 1308 3127 tur-

179 3145 269 3222 tane
289 3145 347 3206 aori
365 3146 395 3204 in
414 3143 500 3206 corde
518 3145 633 3206 coelesti
652 3147 740 3224 gratia
753 3144 862 3205 imbuto
872 3153 1041 3226 conceptum
1055 3153 1139 3206 esset.
1165 3145 1309 3207 Consulto

178 3233 275 3288 umen
293 3226 408 3320 nomine
426 3223 556 3300 abstinet,
576 3243 614 3287 ne
632 3223 673 3284 illi
691 3225 899 3320 resipisoentiae
918 3226 1032 3284 ianuam
1050 3225 1225 3320 praecludat
1250 3225 1310 3286 Ve-

177 3303 859 3480 ttttttttltl‘ltttn‘tlatttt
872 3303 1309 3465 ttttttlttttttt

177 3466 234 3526 tuis
253 3465 375 3526 innotuit
393 3461 499 3524 Christi
518 3464 662 3526 domino
691 3463 792 3526 deindo
815 3469 964 3528 ueusmrnt
986 3463 1139 3546 puritatem
1160 3479 1220 3522 uon
1238 3477 1308 3523 esse

177 3545 296 3626 vulgara
315 3541 438 3627 Spiritus
457 3542 573 3606 donum.
1275 3543 1277 3548 ’

266 3701 320 3768 12.
363 3699 538 3794 Postquarn
558 3721 633 3794 ergo
655 3699 752 3792 pedes
774 3723 886 3770 eorum
908 3698 999 3781 lavit,
1025 3710 1058 3770 et
1079 3695 1195 3792 recepit
1215 3697 1311 3768 vesti·

177 3815 284 3874 moute
305 3829 372 3896 sua,
394 3806 593 3875 discumbens
613 3829 748 3889 rursum,
770 3805 844 3876 dicit
864 3807 938 3874 illisa
960 3805 1064 3890 Scitis,
1086 3805 1163 3898 'quid
1179 3805 1310 3873 iaoenm

176 3909 288 3977 vobis?
322 3911 373 3978 13.
395 3909 463 3981 Vos
484 3935 538 3981 me
558 3911 688 3994 vocatis,
710 3909 858 4006 Magister
880 3922 912 3980 et
931 3911 1086 4006 Domine:
1108 3921 1141 3980 et
1163 3909 1245 3980 bene
1266 3907 1311 3978 di·

176 4013 259 4094 citis,
280 4036 352 4082 sum
373 4019 500 4087 etenim.
547 4011 599 4085 ll.
621 4015 757 4086 Proinde
778 4018 808 4088 si
829 4041 903 4110 ago,
925 4018 981 4110 qui
1002 4017 1164 4086 Dominus
1186 4039 1261 4096 sum
1276 4024 1313 4084 et

175 4117 339 4208 Magistor,
370 4119 555 4212 loripedes
582 4133 718 4202 vermos:
751 4147 811 4192 vos
839 4124 934 4192 etiarn
956 4121 1077 4192 debetis
1100 4122 1152 4190 alii
1173 4121 1311 4190 aliorum

175 4219 280 4290 lavere
305 4221 412 4310 pedes.
462 4227 513 4294 15.
535 4225 730 4318 Exemplum
757 4227 843 4296 enim
865 4227 937 4296 dedi
959 4227 1067 4312 vobis,
1088 4238 1138 4313 ut,
1161 4226 1311 4320 quemad·

175 4325 309 4404 niodum
330 4347 393 4414 ego·
413 4326 470 4394 leci
492 4331 595 4414 vobis,
616 4333 660 4400 ita
681 4331 798 4401 faciatis
819 4343 853 4401 et
875 4355 944 4401 vos.
990 4333 1042 4401 16.
1065 4332 1186 4419 Arnen,
1215 4354 1312 4401 emon
