2754 4864
208 175 268 240 216
419 224 422 236 .
607 167 648 234 ΙΝ
667 167 773 234 nuth
792 165 927 232 APOST.
1127 217 1129 223 .

207 284 410 379 praeputium
440 280 594 352 habentes
628 282 789 375 ingressus
821 303 874 365 es,
904 290 938 350 et
968 281 1107 352 eomedhti
1134 283 1270 369 nomilia

206 387 239 458 4.
261 385 406 458 Exorans
428 400 534 458 autem
556 388 668 457 Petrus
690 386 840 480 exposuit
865 385 924 454 illis
940 387 1047 472 ordine,
1063 389 1165 459 dieeosr
1184 389 1271 481 uligo

209 521 296 566 eram
313 483 351 563 ‘in
373 497 452 564 urbe
472 495 571 587 loppe
595 503 752 576 orans,et
772 493 838 560 vidi
859 491 894 559 iu
915 503 1005 584 raptu
1024 493 1112 562 mentis
1130 495 1273 564 visionem:
1323 487 1324 554 ἶ

80 683 87 697 x
207 626 323 694 nempe
339 625 396 670 vas
412 601 570 692 quoddam
582 597 1131 690 descendensecoelo,quasihntmm
1139 625 1272 693 magnum,
1323 587 1324 664 l

208 719 344 800 quatuor
364 709 459 776 initiis
482 707 655 801 alligatum,
677 705 764 798 quod
787 729 892 796 usque
915 705 956 772 ad
977 727 1028 771 me
1047 705 1126 772 venta
1153 709 1178 774 h.
1194 706 1273 792 Quod
1323 703 1324 764 l

207 811 310 908 quum
331 815 471 883 intentus
493 813 739 896 considerarem,
765 819 843 878 mne
867 809 932 878 vidi
956 811 1141 902 quadrupedia
1155 821 1230 878 unae
1247 821 1273 878 et

120 963 123 980 ·
207 921 290 990 leros
316 930 349 994 et
374 921 493 1011 reptilia
520 931 553 988 et
579 923 667 988 aves'
682 919 772 988 coeli.
822 918 854 986 7.
881 916 999 986 Audivi
1016 927 1111 984 numm
1135 940 1224 984 rooem
1240 917 1272 981 di-
1323 959 1324 976 n

208 1039 335 1096 centem
356 1027 449 1094 mihi:
491 1025 594 1118 Surge
616 1025 721 1108 Petne,
743 1034 844 1093 macta
866 1033 899 1092 et
920 1045 1053 1092 vescere.
1092 1023 1119 1090 8.
1136 1023 1206 1089 Tum
1221 1021 1276 1102 dixi,
1323 979 1324 1070 l

207 1132 418 1228 Nequaquam
449 1132 604 1222 Dominer
636 1133 708 1224 quin
742 1131 819 1199 nihil
854 1153 998 1221 unquam
1018 1151 1162 1197 commune
1178 1127 1221 1195 rel
1236 1127 1279 1191 im·

207 1239 368 1308 mundum
394 1239 428 1306 in
456 1262 493 1306 os
521 1262 629 1306 meum
656 1237 835 1329 ingressum
869 1227 930 1304 est.
978 1235 1011 1304 9.
1035 1233 1178 1326 Respondit
1198 1242 1280 1300 autem

208 1347 287 1414 mibi
309 1369 376 1413 vox
396 1344 537 1415 secundo
559 1369 578 1410 e
600 1343 701 1425 coelo,
723 1343 813 1428 Quae
835 1341 926 1410 Deus
948 1341 1109 1424 mundarit,
1131 1351 1159 1408 tu
1176 1361 1210 1406 oe
1226 1361 1280 1427 pro
1323 1389 1324 1426 ,

207 1451 290 1538 iana.
340 1451 392 1519 10.
420 1449 492 1518 Hoc
518 1459 625 1517 autem
652 1449 770 1517 lactum
799 1457 848 1516 est
873 1449 980 1518 tertio.
1029 1445 1066 1515 Et
1085 1467 1169 1514 rursus
1194 1443 1277 1510 omnia

208 1553 254 1633 in¹
271 1557 397 1627 coelum
422 1565 659 1647 recepta-sunt
713 1555 766 1624 11.
793 1553 838 1622 Et
872 1555 1077 1656 ecreheadem
1093 1547 1280 1620 homoesuii
1323 1625 1324 1644 ἶ

208 1673 364 1733 steterunt
383 1685 483 1754 prope
506 1663 653 1745 domum,
685 1662 718 1729 iu
740 1685 804 1753 qua
826 1661 994 1745 sedebam,
1024 1659 1104 1727 missi
1117 1657 1152 1724 'ad
1168 1680 1209 1723 me
1224 1652 1279 1719 Cae
1323 1655 1324 1674 ¹

210 1794 307 1840 sarea.
365 1771 418 1837 tr.
446 1767 541 1836 lussit
562 1779 667 1836 autem
690 1767 826 1861 Spiritus
857 1791 911 1836 me
932 1792 1011 1838 cum
1030 1767 1100 1860 ipsis
1116 1761 1235 1856 probrisu'
1251 1759 1280 1823 ui·
1323 1847 1324 1852 ἵ

209 1875 256 1945 bil
283 1877 500 1946 haesitantem.
551 1875 714 1946 Venerunt
740 1885 846 1944 antem
873 1897 1004 1942 mecum
1031 1884 1062 1942 et
1084 1871 1180 1940 liiser
1199 1868 1281 1934 tane
1304 1905 1324 1958 g

130 1991 132 1996 '
210 1982 254 2051 Et
274 1982 407 2075 ingressi
428 2004 540 2049 sumus
562 1982 694 2049 domum
716 1983 789 2050 viri:
821 1982 875 2049 13.
898 1979 1120 2072 Nuntiavitque
1137 1974 1283 2062 nobisque

210 2090 309 2157 modo
334 2089 465 2156 vidisset
486 2088 646 2182 Angelum
668 2087 755 2154 domi
776 2111 853 2156 suae
876 2097 1017 2154 stantem
1039 2110 1074 2154 ac
1093 2084 1216 2153 dicentem
1232 2076 1283 2144 n'bit

209 2194 302 2262 Mitte
336 2194 458 2286 loppen
493 2196 579 2262 viros
606 2204 638 2262 et
665 2217 787 2264 accerse
814 2191 997 2278 Simonem,
1027 2193 1082 2285 qni
1105 2185 1283 2282 cognominatur
1323 2213 1324 2286 p

212 2300 342 2382 Petrus,
388 2295 439 2368 11.
461 2300 526 2386 Qui
547 2300 695 2395 loquetur
716 2299 771 2367 tibi
792 2300 903 2382 verba,
924 2300 1044 2391 quibus
1059 2293 1205 2368 'servaberis
1218 2300 1244 2356 u
1259 2297 1284 2353 et
1323 2287 1324 2382 l

211 2417 279 2474 tota
301 2406 417 2473 domus
438 2415 502 2472 tua.
549 2405 601 2472 15.
637 2405 735 2473 Porro
758 2427 858 2496 quum
882 2427 1019 2474 exorsus
1042 2427 1140 2475 essem
1157 2397 1232 2490 loqui,
1251 2392 1286 2459 de·
1323 2405 1324 2458 l

162 2593 166 2602 Δ
211 2512 318 2602 lapsus
346 2522 395 2580 est
416 2509 552 2601 Spiritus
584 2523 712 2578 sanctus
738 2511 771 2577 ln
794 2535 864 2593 eos,
891 2512 974 2580 sieut
995 2525 1030 2581 et
1051 2514 1082 2580 in
1103 2532 1158 2580 nos
1174 2499 1286 2598 priodpio·

215 2619 267 2684 16.
288 2615 483 2684 Recordatus
505 2638 577 2682 sum
599 2627 706 2684 autem
728 2617 815 2686 verbi
838 2616 987 2703 Domini,
1015 2616 1172 2711 quomodo
1188 2611 1286 2679 dixisset:

212 2723 347 2789 loannes
386 2721 514 2810 quidem
547 2719 715 2811 baptizavit
747 2747 844 2814 aqua,
882 2747 942 2791 vos
976 2737 1086 2794 autem
1116 2711 1286 2814 baptizabimini

212 2826 333 2917 Spiritu
359 2835 479 2896 saneto.
531 2826 583 2894 17.
611 2827 721 2914 Quum
748 2853 823 2921 ergo
853 2855 910 2920 par
935 2829 995 2898 illis
1019 2829 1138 2898 donum
1157 2819 1287 2896 conmlsttl

213 2933 319 3014 Deus,
341 2931 422 3015 sicut
443 2941 477 3000 et
496 2932 604 3016 nobis,
637 2933 692 3024 qui
719 2936 950 3005 credideramus
976 2937 1010 3005 iu
1038 2936 1201 3004 Dominum
1222 2929 1288 2995 lesan

216 3035 394 3121 Christum,
432 3061 492 3132 ego
526 3039 597 3130 quis
632 3039 733 3126 eram,
767 3042 822 3133 qui
854 3067 1000 3134 possem·
1018 3041 1178 3134 prohibere
1205 3029 1289 3104 Deum?

215 3147 269 3214 18.
291 3143 400 3230 Quum
432 3145 510 3214 haec
542 3145 704 3216 audissent
735 3149 925 3239 quieverunt
951 3159 984 3218 et
1004 3149 1203 3242 glorificarunt
1223 3141 1290 3206 Deru

215 3253 367 3322 dicentes:
387 3249 473 3346 Ergo
496 3262 528 3320 et
549 3253 695 3346 gentibus
716 3252 806 3322 Deus
828 3255 1056 3347 poenitentiam
1078 3253 1205 3325 deditio
1222 3247 1290 3314 eitam

293 3463 323 3522 1.
361 3459 531 3544 dedissunt
560 3468 667 3520 autem
708 3457 797 3538 Quod
826 3459 931 3524 lamam
960 3464 1045 3524 unios
1069 3463 1167 3524 domos
1188 3465 1292 3516 wat&

215 3539 321 3622 passim
344 3538 420 3599 inter
443 3539 545 3600 iratres
575 3539 661 3600 luisse
685 3541 829 3620 vulgatam
853 3540 944 3602 Lucas
969 3549 1080 3616 aurat,
1103 3541 1132 3602 id
1160 3557 1192 3599 ex
1215 3529 1293 3618 admira

214 3621 293 3682 tione
322 3625 421 3714 natum
450 3625 508 3678 est:
537 3620 658 3714 monstri
687 3621 769 3718 enim·
787 3620 852 3680 loeo
879 3619 1021 3682 habehant
1040 3621 1135 3682 ludaei
1153 3605 1292 3708 gentilfstll

158 3803 160 3810 ψ
214 3691 1293 3861 trorum{transtorrentemetti

214 3864 335 3920 suerent.
381 3852 517 3922 Videmus
541 3857 617 3916 enim
641 3863 761 3940 propter
785 3857 859 3920 hanc
879 3859 1062 3921 ambitionem
1081 3867 1110 3920 et
1128 3859 1220 3919 laetum
1235 3845 1294 3909 lul*

213 3943 273 3998 tam
297 3935 384 3997 luisse
407 3933 568 4008 ecclesiam,
594 3937 660 4014 quia
680 3938 850 4016 aequalitas,
875 3959 948 4019 quae
968 3939 1130 4018 dignitatem
1147 3939 1253 4018 ipsoram
1265 3941 1293 3984 Ν·

213 4015 328 4084 euehat,
348 4033 407 4072 non
426 4021 488 4076 erat
507 4014 674 4076 tolerabilis:
694 4016 771 4077 unde
790 4023 849 4078 tam
869 4020 1050 4099 pertinaciter
1068 4021 1202 4083 certarunt
1217 4009 1292 4086 defiffl·

212 4093 289 4152 tibus
314 4089 366 4150 sub
391 4093 421 4150 iu
460 4113 490 4153 m
514 4093 667 4172 adigeudis.
713 4093 771 4155 Sed
797 4091 888 4176 quum
912 4106 956 4159 tot
976 4097 1179 4180 Prophetarum
1199 4081 1294 4152 aaut

120 4204 124 4212 »
213 4169 390 4260 praedictum
426 4178 501 4244 oret,
532 4171 690 4235 Ecclesiam
714 4193 754 4236 ex
778 4177 910 4238 omnibus
934 4179 1052 4261 populis
1078 4172 1245 4258 colligendam
1258 4175 1294 4224 ὅ*

211 4252 280 4390 post
299 4243 419 4337 Messias
437 4249 603 4330 adventum,
622 4259 652 4314 et
671 4253 802 4316 Christus
821 4257 987 4330 mandatum
1005 4258 1033 4320 A
1054 4257 1149 4320 ostolis
1166 4239 1295 4314 dedisti(l

241 4321 371 4404 vangelw
400 4341 453 4404 pff
485 4334 578 4394 tobim
606 4332 705 4396 orhsm
727 4335 930 4417 praedicando:
950 4338 1002 4420 qui
1042 4339 1081 4401 eri
1099 4341 1199 4422 potest,
1213 4336 1240 4392 tl
1254 4337 1295 4406 ll*
