2810 4850
75 1225 80 1248 ,
177 1189 262 1232 eeurc
282 1189 385 1250 genere
402 1177 486 1232 natus
505 1177 588 1246 esset,
607 1189 642 1232 ac
659 1191 681 1232 rr

183 261 222 320 ac
437 271 442 294 ·
527 219 616 315 'ru
635 253 777 317 nunno.
798 255 930 332 ronan.

183 378 320 470 septumo
339 377 395 470 est}
426 389 485 452 quo
508 370 598 467 magis
621 371 725 431 mirum
743 359 823 432 osta
842 381 902 434 tam
920 373 1020 470 prucis
1039 379 1195 472 exception
1214 375 1311 454 tuisse,

183 471 234 534 qur
253 459 312 514 tam
331 449 432 532 cupide
450 449 487 511 ab
506 449 636 512 omnibns
655 451 851 594 exffitebatur,
869 459 901 513 et
918 474 949 512 m
969 471 1019 514 ore
1036 473 1166 516 omnrnnr
1185 463 1257 516 erat.

195 569 198 583 ·
262 533 311 597 te.
343 533 394 593 To
412 551 443 592 ec
461 535 579 605 senon,
597 540 649 594 etc.
736 533 821 594 ristos
841 531 951 595 Simoni
970 551 1075 594 nomen
1092 533 1230 617 imponit,
1249 555 1312 597 non

182 617 217 674 nt
235 611 298 682 lieri
315 611 389 672 solet
406 611 481 671 inter
498 608 643 686 homines,
663 629 701 671 ex
719 614 873 694 praeterito
892 613 988 694 aliquo
1008 621 1127 690 eventu,
1147 615 1196 676 vel
1215 636 1253 677 ex
1273 637 1311 677 eo

181 692 261 832 ppod
280 693 337 751 iam
356 690 494 768 cernitur,
517 691 568 750 sed
587 691 654 772 quia
673 689 792 753 Petrum
810 691 937 753 tacturus
956 687 1052 775 ipsum
1070 701 1138 756 erat.
1178 693 1311 757 Primum
1356 710 1361 718 ·

211 773 258 847 eit,
276 769 323 832 'l'n
340 791 372 833 es
390 769 500 846 Simon,
518 770 594 831 filius
613 770 689 831 lona
730 761 863 832 lllntilnm
881 773 969 854 patria
988 791 1094 834 nomen
1113 777 1209 855 pontrz
1270 775 1311 835 od

180 853 248 912 setis
267 850 456 932 vulgare-eat,
516 869 567 912 um
585 850 615 911 in
630 852 734 912 alienas
744 851 1206 934 linguasnominatransternntur.
1262 873 1310 914 arn

179 951 219 992 ex
236 931 330 1012 eapite
343 931 475 1012 nltimop
559 930 701 995 constabit
708 931 800 992 filiurn
809 932 896 994 lrrisse
905 931 1020 1009 lonnna,
1039 932 1087 994 vel
1097 931 1219 994 loannis.
1243 933 1325 994 Hoc*

178 1029 249 1072 vero
268 1017 363 1071 totum
381 1010 498 1093 perinde
516 1010 602 1086 valet,
620 1012 678 1070 acsi
697 1012 812 1087 diceret,
830 1011 916 1094 longe
935 1013 1023 1072 alium
1041 1013 1104 1074 fora
1124 1031 1213 1092 quam
1230 1033 1310 1074 nnnc

178 1091 226 1152 sit
263 1087 364 1170 Neque
383 1090 460 1152 enim
477 1089 594 1152 honoris
613 1097 828 1232 mmplpatmm
846 1098 1060 1167 commemorat,
1079 1091 1131 1152 aed
1151 1112 1242 1173 quum
1257 1091 1308 1153 oh-

723 1173 766 1234 'us
784 1170 997 1233 interhominea
1006 1172 1232 1248 existimationis,
1251 1169 1311 1232 hoc

177 1248 231 1310 sibi
249 1269 309 1310 non
327 1247 390 1312 lore
427 1249 557 1312 hstacnlo
576 1252 755 1332 pronuntiat,
780 1251 932 1332 quominus
951 1251 1052 1312 reddat
1070 1253 1166 1311 virum
1185 1251 1310 1312 invictae

176 1328 359 1391 fortitudinis.
404 1271 482 1414 Ergo
508 1328 565 1391 hcc
589 1336 726 1412 tanquam
749 1331 914 1392 vaticinium
933 1329 1114 1413 Evangelista
1133 1349 1308 1392 commemo-

176 1413 235 1484 rat,
265 1409 345 1490 qnod
363 1409 475 1472 Simoni
499 1411 664 1492 impositum
687 1411 774 1472 fuerit
795 1429 905 1472 novum
924 1429 959 1472 co
998 1431 1092 1472 omen.
1132 1407 1309 1471 Vaticinimn

173 1489 392 1571 intdhgo,.non
410 1496 525 1552 tantum
543 1491 609 1572 quia
646 1489 937 1554 mevideritChristua
965 1489 1122 1554 uturamin
1137 1487 1226 1552 Petro
1239 1489 1309 1551 fidei
1396 1525 1398 1530 ,

175 1570 373 1642 constantiam,
392 1569 443 1631 scd
462 1572 529 1652 qnia
547 1589 599 1652 pra
636 1571 643 1586 ⁸
665 1572 720 1632 erit
737 1569 808 1651 quid
826 1571 867 1632 illi
886 1569 1004 1632 daturm
1023 1577 1107 1631 esset.
1146 1567 1223 1652 Ergo
1241 1589 1308 1666 pra-

174 1648 245 1708 tinm
265 1667 322 1729 qua
340 1649 423 1710 illum
442 1647 549 1734 donare
567 1657 668 1730 postea
687 1649 801 1726 statuit,
825 1651 884 1711 iem
906 1649 999 1732 elogio
1018 1649 1211 1710 commendat:
1240 1649 1307 1710 rdeo

173 1747 234 1790 non
254 1727 323 1789 dicit
340 1726 398 1790 hoc
415 1728 458 1790 illi
477 1729 685 1823 inpraesentia
704 1749 863 1811 cognomen
882 1748 953 1805 csse,
971 1729 1023 1789 sed
1034 1730 1128 1792 differt
1135 1731 1166 1790 in
1175 1729 1308 1790 loturum

174 1815 302 1889 tempus:
341 1805 388 1868 Tu
406 1807 552 1869 vocabens
572 1808 695 1888 Cephas,
719 1809 821 1889 inquit
861 1807 930 1869 Pica
950 1809 1066 1889 quidem
1085 1827 1182 1869 omnes
1201 1806 1307 1867 Petros

173 1905 237 1950 csse
255 1888 403 1964 convenit,
427 1887 478 1986 (pui
495 1889 526 1950 in
545 1887 661 1949 Christo
679 1887 791 1948 laudati
809 1885 846 1948 ad
865 1887 1069 1948 exstruendum
1087 1886 1145 1949 Dei
1162 1887 1306 1968 templum

172 1965 563 2109 tittittittrtt
574 1974 694 2108 iiim
704 1967 1101 2108 immittit
1116 1967 1306 2121 iiiiii

171 2131 208 2186 nt
226 2126 266 2186 sit
282 2123 427 2188 Ecclesiae
445 2067 670 2202 fundaminturii,
683 2067 774 2206 (ipnasi
792 2146 863 2188 vero
882 2146 941 2187 non
960 2128 1021 2224 ipse
1040 2145 1157 2207 quoque
1175 2124 1304 2187 inChn'·

171 2209 219 2265 sto
238 2223 306 2266 cnm
323 2207 441 2288 reliquis
459 2207 596 2267 fundatus
615 2207 665 2266 sit:
686 2206 729 2266 his
749 2213 846 2267 antem
864 2207 985 2282 ridiculi,
1004 2207 1075 2267 dum
1093 2225 1131 2267 ex
1149 2205 1242 2286 lapide
1256 2224 1305 2265 ca·

170 2291 236 2427 ffi
243 2283 361 2424 speetiirmi.
391 2284 504 2382 ‘Exstat
519 2285 600 2382 enim
618 2286 648 2346 in
668 2283 798 2424 (lirim
817 2284 976 2425 rhapsodrgs
994 2287 1120 2346 insulsus
1139 2305 1229 2426 Ἢ]
1247 2282 1305 2424 ειέἰῖ

169 2599 288 2660 hraeum
306 2608 351 2661 est
369 2619 489 2662 nomen:
501 2543 569 2662 psed
588 2601 636 2662 illa
655 2609 722 2684 post
739 2603 948 2682 Babylonicum
967 2543 1223 2666 amariorihu
1242 2611 1306 2664 erat

167 2679 371 2776 pronuntiatio.
394 2680 510 2778 'Itaque
533 2682 563 2741 in
584 2681 689 2744 Christi
718 2682 813 2744 verbis
841 2683 980 2780 nilruilnest
1003 2683 1176 2780 ambignum.
1215 2682 1304 2745 Petro

87 2805 95 2828 ‘
151 2759 957 2924 ttt‘itttttt'tritimtittitttt'h
973 2769 1304 2925 ,iiiiioiiiuii

169 2937 259 3000 quum
278 2919 396 3002 insignis
415 2917 464 2980 lrie
481 2917 581 2981 titulus
600 2941 709 2984 novum
728 2921 876 2984 hominem
894 2923 1003 2985 fuctum
1022 2943 1086 2985 esse
1105 2923 1236 2986 declaret.

255 3071 310 3143 43.
338 3071 509 3144 ‘Postridie
530 3075 632 3144 voluit
651 3075 739 3147 lesus
760 3077 848 3149 exire
869 3079 903 3146 in
925 3078 1103 3162 Caliacum,
1125 3088 1158 3146 et
1178 3077 1304 3148 invenit

165 3177 360 3274 Philippum,
382 3191 415 3252 et
435 3181 515 3250 diirit
534 3180 588 3266 illi,
609 3182 751 3276 Sequere
772 3207 834 3254 me.
879 3179 932 3252 44.
961 3183 1037 3253 Erat
1057 3193 1164 3252 autem
1186 3181 1304 3276 Phihp-

164 3311 228 3381 pus
249 3312 292 3356 ex
313 3287 491 3373 Bethsaida,
512 3285 592 3356 urhe
613 3287 757 3360 Andreae
778 3301 812 3360 et
831 3291 926 3360 Petri.
959 3293 1012 3364 tr.
1040 3289 1164 3358 lnvenit
1184 3289 1303 3382 Philip

88 3467 91 3474 ,
164 3411 227 3487 pus
248 3391 486 3480 Nathanaelem,
508 3405 541 3464 ct
562 3393 711 3480 dicirit,
732 3395 916 3466 Invenimus
937 3396 1045 3466 lesum
1064 3397 1167 3464 lihum
1181 3394 1302 3488 loseph

137 3599 142 3602 -
165 3524 208 3570 ex
230 3499 397 3572 Naiareth.
440 3499 498 3570 De'
515 3525 580 3594 quo
603 3501 726 3596 scripsit
747 3501 856 3574 ltloses
877 3504 911 3572 in
932 3501 1034 3596 Lege,
1056 3513 1090 3572 et
1110 3500 1301 3594 Prophetae.

163 3602 219 3676 46.
240 3606 333 3678 Dixit
353 3607 398 3676 illi
413 3605 598 3691 Nathanael,
619 3607 672 3676 Ex
682 3608 837 3680 Nazareth
859 3620 966 3701 potest
980 3609 1098 3702 aliquid
1113 3609 1189 3678 boni
1204 3609 1302 3678 ease?

163 3711 255 3786 Dixit
273 3713 319 3783 illi
338 3712 519 3810 Philippus,
540 3712 637 3798 Veni,
658 3723 691 3782 et
710 3713 794 3782 vide.
1222 3702 1248 3750 ·'

243 3875 292 3938 43.
311 3879 437 3962 Sequere
454 3899 508 3938 me.
538 3873 601 3936 Hac
619 3893 678 3937 nna
696 3893 768 3937 voce
828 3877 866 3937 od
879 3895 1015 3938 accensos
1029 3876 1084 3938 luit
1097 3875 1224 3958 Philippi
1230 3841 1300 3937 iar-

163 3969 228 4014 mus
247 3954 285 4015 ad
303 3956 482 4036 scqumdum
491 3954 646 4030 Christum,
666 3954 732 4018 inde
751 3897 910 4039 effligimus
1007 3963 1037 4016 ta
1056 3957 1094 4016 ait
1112 3955 1191 4016 veihi
1201 3955 1299 4017 effica-

163 4034 222 4094 ciae
242 4031 372 4094 sednon
389 4035 421 4094 in
441 4035 572 4098 omnihus
592 4036 753 4118 promiscae
773 4042 897 4134 apparet
954 4053 1005 4096 ens
1015 4036 1092 4096 enim
1099 4036 1208 4098 multos
1217 4055 1297 4096 oom-
1392 4087 1393 4114 ,

162 4112 252 4196 pellat
270 4111 351 4174 nnllo
369 4112 512 4194 proiectu:
531 4114 648 4198 perinde
667 4116 725 4177 acsi
743 4116 819 4177 irranr
838 4115 934 4178 sonitu
952 4135 1055 4176 eorum
1073 4113 1298 4176 auresvcrhera-
1392 4123 1393 4153 l

35 4207 37 4214 ·
161 4199 217 4254 ret.
265 4190 393 4255 Externa
419 4193 509 4334 lpitnr
534 4193 614 4257 verbi
637 4193 807 4276 praedicatio
830 4215 883 4278 per
905 4215 937 4256 so
960 4194 1137 4256 infructuosa
1154 4201 1213 4290 ast,
1240 4195 1299 4255 nisi

163 4271 735 4440 alieniehreilbiqfluuffliiiniuinpiiitiis
750 4275 957 4436 pmffpdffi
962 4271 1298 4429 viidiilcitnwffii
1391 4355 1392 4364 ’

159 4451 262 4498 source
287 4451 386 4498 omues
410 4434 451 4496 sic
475 4432 564 4512 amo,
592 4441 626 4499 nt
644 4433 774 4500 hommes
793 4453 965 4518 quoeunque
984 4431 1066 4496 Deus
1085 4438 1185 4512 vocet,
1214 4433 1299 4514 sequi
