2786 4866
539 184 670 248 CAPUT
688 185 749 248 Vll.
1057 235 1066 248 -
1143 195 1202 260 toa

69 314 189 384 tendam
207 327 272 373 esse
289 303 420 368 docuerit
438 299 531 364 orltns
550 299 608 364 Det
630 301 767 378 termam,
796 319 870 384 qnae
899 311 969 367 tanc
992 313 1110 390 receptu
1130 317 1202 388 eras,

71 407 102 460 et
120 397 177 496 ipos
195 395 226 454 in
245 387 343 450 Deum
363 391 394 444 et
412 379 514 477 lllosen
529 379 733 462 blasphemiam
759 401 821 446 csse
844 383 1075 483 interpretantur.
1122 387 1203 472 Ergo

71 463 1203 631 lists*ltttttttithtttrbldtlitttttttt,litt

72 647 133 699 tem
152 635 212 694 lum
241 625 355 688 visibile
384 623 516 696 admonet
544 642 606 682 esse
635 625 787 705 imaginem
810 625 1017 688 excellentioris
1041 631 1202 708 monnarii,

72 721 103 779 in
123 658 181 796 qbo
200 707 312 772 habitat
331 701 478 788 plenitudo
494 699 630 778 Deitatis,
659 711 688 764 et
708 701 791 786 Legis
806 704 929 775 umbras
948 709 1119 790 temporales
1138 729 1203 772 esse

74 797 242 934 docebam
267 875 322 930 tete
343 864 529 938 disserenat.
569 861 690 927 Contere
712 865 764 926 tim
793 867 833 928 ita
856 866 1015 948 loquuntur
1034 869 1070 930 de
1088 867 1202 946 chriso,

77 955 140 1020 sesi
157 947 328 1012 detmtabilis
345 950 421 1020 ‚esset
440 943 497 1009 etas
515 947 661 1006 memoria.
690 884 800 1015 laterna
818 947 913 1030 colligi
931 955 1028 1029 potest
1046 969 1084 1010 ex
1102 955 1203 1012 eorum

79 1032 239 1106 calumniis,
257 1023 433 1106 Stephanum
451 1019 569 1102 irbegis
589 1023 770 1104 abrogatione
789 1029 1083 1108 opposuissa‘umbris
1098 1049 1203 1112 corpas

81 1121 115 1176 et
132 1111 230 1192 figuris
248 1106 441 1172 substanttam
469 1099 551 1167 ,Nam
569 1103 593 1162 ai
613 1125 665 1184 per
684 1103 831 1166 Christum
850 1105 999 1168 abolentur
1016 1113 1203 1184 ceremoniae,
1235 1107 1240 1129 ¹

81 1189 233 1290 spiritualis
250 1193 296 1284 est
313 1204 412 1323 earunp
431 1183 538 1278 veritas.
587 1182 699 1260 ludam,
728 1185 955 1324 qrrialperpetues
978 1208 1041 1248 esse
1059 1189 1203 1285 volebant,

81 1267 1204 1436 adstruentesnassamones
1245 1367 1246 1370 Ὗ

81 1437 228 1492 essentne
247 1424 397 1502 evanidas,
448 1407 489 1486 ab
512 1423 541 1482 ni
563 1425 570 1438 “
607 1430 719 1505 praeter
742 1429 890 1488 externam
915 1427 1038 1506 speciem
1057 1427 1204 1502 baberent,

79 1507 119 1573 ila
147 1508 219 1570 nibil
248 1506 376 1566 subesset
400 1522 438 1578 ,so
451 1494 492 1569 il.
540 1502 640 1585 Itaque
662 1503 735 1566 baec
752 1523 821 1566 vera
839 1512 884 1566 est
901 1522 1001 1570 carum
1020 1509 1204 1588 perpetuitas,

79 1591 151 1652 dnm
161 1587 267 1650 Christi
286 1583 411 1660 adrema
428 1582 606 1662 abrogentur,
626 1585 693 1665 quia
712 1583 779 1646 binc
792 1587 934 1666 'mquitua
953 1587 1013 1652 vim
1032 1587 1204 1648 ctctlsctom

79 1689 179 1732 earum
193 1669 229 1728 in
250 1661 367 1729 Christo
388 1669 520 1742 constare.
907 1718 911 1726 Α
1004 1721 1007 1727 .

159 1749 297 1812 Matoett
314 1748 461 1806 amunta.
484 1741 551 1804 Non
570 1741 688 1806 dubium
707 1750 751 1806 est
810 1745 891 1809 inde
903 1745 1206 1812 ceremonialitsntnm

75 1836 163 1914 parte
180 1828 239 1888 hoc
247 1822 411 1906 Stephanus
430 1823 601 1904 intelligeret,
622 1825 672 1884 ssd
691 1832 724 1887 ut
742 1845 775 1885 so
786 1835 836 1888 ent
848 1827 977 1888 homines
990 1830 1206 1910 anmrnispom·

79 1911 128 1993 pis
149 1909 239 1988 magis
263 1906 407 1976 insistere,
431 1900 541 1989 poinde
558 1904 704 1985 accipiunt
721 1905 769 1966 isti
787 1907 866 1987 qnod
884 1908 1142 1982 (belmontensi
1160 1914 1206 1967 to·

80 1998 143 2052 tam
160 1987 267 2070 legem
286 1987 316 2046 in
335 1985 455 2062 nihilum
474 1983 608 2064 redigeret
626 1983 798 2067 Stephanus.
842 1985 1000 2068 Praecipua
1018 1987 1134 2066 quidem
1152 1982 1206 2046 Ire·

82 2071 128 2152 gis
146 2071 298 2164 praecepta
317 2063 353 2204 dp
371 2064 504 2159 spiritupli
514 2059 570 2124 Dei
585 2064 673 2140 cultu,
692 2065 808 2162 deiide,
827 2065 1209 2206 imfifia’flffilffiffiffi

81 2143 1080 2307 tistittlttt‚ffitl²t¹¹¹tibt⁰tt²”ttt,tt„tnttt
1099 2224 1136 2287 n
1155 2165 1208 2288 sla.

84 2310 127 2368 tio
145 2307 246 2388 mnndi
264 2303 318 2366 luit
336 2305 487 2384 ingenium,
503 2310 536 2365 et
552 2306 609 2365 erit-
624 2323 717 2386 osque
733 2306 764 2366 in
776 2305 872 2366 finem.
895 2303 1148 2384 Quemadmodum
1157 2305 1208 2380 ho

86 2387 133 2446 die
141 2383 275 2468 Papistae
287 2383 399 2444 nnllam
413 2391 565 2465 agnoscant
578 2383 636 2452 Dei
654 2385 764 2448 cultum
782 2386 837 2446 nisi
854 2386 886 2446 in
903 2387 964 2446 suis
982 2386 1078 2448 larvis.
1109 2383 1210 2464 Quen·

198 2463 321 2528 multum
339 2451 759 2546 aludaeisu‘ditlernnt,1quod
782 2485 836 2548 pro
854 2463 1070 2528 Deiinalibstis
1093 2465 1209 2529 nonnisi

85 2483 192 2606 hlilla
211 2549 365 2625 sequnntur
383 2543 527 2609 heminam
546 2552 714 2606 commenta.
803 2556 807 2566 '
926 2591 929 2599 .
957 2586 960 2598 .
987 2595 991 2602 .
1092 2553 1094 2562 '
1175 2588 1184 2608 .

168 2625 216 2686 15.
257 2629 352 2698 wem
374 2633 477 2686 intuiti
496 2635 597 2688 emerat.
635 2623 782 2688 'Usitatum
799 2633 845 2690 cst
862 2626 892 2688 in
911 2625 1036 2704 iuffioiis,
1058 2628 1160 2691 cemos
1178 2627 1209 2690 ia

83 2723 167 2766 reum
185 2711 350 2783 convenere
369 2725 459 2784 quum
477 2713 655 2787 &spectatur
674 2707 734 2767 eius
753 2706 888 2768 defensio.
933 2707 1013 2770 Dicit
1032 2717 1132 2786 ⁴aratern
1151 2707 1209 2770 Ln-
1251 2723 1254 2738 ’

84 2804 133 2846 cas
152 2781 332 2864 Stephanum
355 2783 455 2864 angelo
478 2787 568 2859 risum
591 2805 654 2848 esse
678 2787 806 2848 similem.
854 2787 928 2851 Hae
944 2790 983 2849 de
1011 2792 1109 2852 nativa
1137 2789 1211 2852 facie

81 2884 141 2928 non
161 2861 272 2938 dicitur,
292 2861 344 2924 sed
362 2865 457 2944 potius
476 2865 508 2928 de
527 2868 667 3006 praesenti
687 2869 778 2928 vultu.
827 2865 902 2930 Nem
927 2889 1018 2950 qaum
1037 2871 1144 2951 pallere
1155 2891 1209 2932 sos

80 2945 139 3006 leat
157 2943 244 3004 facies
263 2963 395 3020 reorum,
464 2965 510 3024 ¹¹¹¹,

79 3025 161 3106 signa
180 3023 275 3098 edant,
294 3019 386 3086 Lucas
406 3025 434 3084 ni
456 3027 462 3040 '
494 3026 548 3086 lale
566 3025 652 3090 luisse
671 3025 858 3105 iuStepbauo
878 3026 970 3103 docet,
990 3027 1040 3088 s'ed
1059 3030 1138 3110 quod
1156 3051 1209 3112 po·

78 3103 139 3162 tius
158 3105 290 3162 numestas
310 3103 449 3182 quaedam
468 3105 499 3164 iu
515 3125 550 3165 co
570 3105 689 3166 relolsit.
732 3103 882 3184 Scriptura
901 3108 977 3166 enim
997 3109 1210 3171 similitudinem

78 3181 119 3322 gp
139 3182 249 3327 arpgelip
265 3182 322 3242 hoc
340 3203 425 3244 sensu
444 3184 584 3246 interdum
602 3185 726 3246 mutuari
750 3184 835 3261 solet,
857 3191 900 3246 'ut
921 3184 943 3247 1.
962 3185 1040 3248 Sam.
1061 3189 1111 3264 24,
1124 3189 1162 3254 'a
1180 3195 1211 3251 et

111 3265 442 3340 .1,1.et19,27.
1125 3293 1128 3309 ·

548 2947 688 3014 albutiant
706 2946 864 3028 loquenda,
875 2999 880 3010 .
891 2955 922 3008 et
940 2949 997 3010 alia
1014 2950 1209 3032 trepidationis

412 3655 721 3749 CAPUT
782 3659 879 3748 Vll.
960 3673 963 3718 ³

170 3835 200 3912 l.
232 3844 325 3915 Dixit
347 3857 453 3920 autern
474 3875 618 3924 summus
641 3853 811 3926 Sacerdos:
855 3853 983 3926 Haecne
1009 3853 1052 3924 ita
1074 3849 1211 3924 babent?

68 3949 105 4015 2.
141 3947 324 4042 Respondit
345 3953 411 4026 ille:
442 3953 508 4028 vin·
530 3947 693 4032 batres‘et
713 3975 826 4055 patres,
848 3963 962 4048 audite,
983 3953 1074 4032 Deus
1095 3961 1211 4054 gloriae

67 4050 166 4122 visus
187 4055 350 4150 luitperti
372 4075 481 4136 nostro
503 4065 662 4154 Abrahae,
688 4091 789 4162 quum
811 4081 894 4140 esset
915 4071 949 4137 in
970 4069 1211 4162 Mesopotamia,

64 4159 265 4264 priusquam
286 4165 439 4237 habitaret
458 4171 493 4238 in
514 4171 647 4251 Charon.
692 4177 722 4245 3.
751 4177 794 4246 Et
815 4173 894 4246 dixit
915 4173 973 4244 illi:
1005 4172 1068 4244 Exi
1090 4201 1109 4246 e
1130 4187 1211 4246 terra

63 4275 147 4350 tua,
183 4277 217 4336 et
239 4293 258 4340 e
280 4274 467 4366 cognatione
489 4290 557 4368 tua,
590 4293 623 4370 et
642 4283 715 4352 reni
735 4286 768 4352 in
789 4296 905 4370 urrann
927 4284 1102 4377 quamlibi
1122 4307 1213 4354 mou·
1306 4276 1309 4280 ⁵

62 4379 229 4446 stravere.
267 4371 306 4451 t.
340 4375 434 4454 sane
466 4410 611 4481 egresm
643 4401 768 4461 etena
796 4385 1029 4463 Chaldaeorum
1062 4389 1211 4458 habitavit
