2786 4866
166 213 205 276 55
571 181 611 260 m
635 197 742 262 acre
760 195 899 260 seusu.

163 320 303 388 Abrahae.
355 317 454 380 Nostri
477 333 592 381 oannem
616 317 710 382 uotam
737 315 879 376 sentiente
907 332 973 378 nem
1033 318 1115 398 quod
1134 339 1189 400 per
1209 340 1306 388 aem

163 402 234 468 iliud
255 397 463 460 benedicendae
486 398 543 458 sint
567 403 675 477 gentes.
725 393 791 456 lioc
815 394 912 460 ludaei
938 415 957 454 v
1040 399 1209 478 exagitent,
1240 406 1308 484 quia

163 483 270 566 possim
294 481 325 540 in
348 477 504 558 Scu'ptun's
529 475 599 538 hece
623 476 756 556 loquutio
781 471 938 554 Exemplar
956 473 1003 536 vel
1021 472 1251 544 similitudinem
1271 487 1306 544 si.

165 561 293 646 gnificat:
324 556 565 640 quemadmodum
589 575 606 618 e
633 575 790 630 converso,
818 552 950 616 Maledici
974 556 1004 614 in
1023 554 1245 634 Sodomesvet
1266 563 1307 624 ts·

164 643 257 714 caele,
275 640 323 700 vel
342 641 371 699 in
392 640 453 699 aliis
473 637 597 720 populis,
617 643 661 698 cst
679 637 743 696 ilios
763 653 875 696 sumere
893 641 1030 714 tanquam
1048 639 1232 702 memorabile
1252 662 1306 704 η.

166 719 331 786 secretionis
351 718 505 798 exemplar.
548 715 735 798 tieepondeo,
764 715 927 806 ambiguam
945 733 1010 776 esse
1028 713 1243 797 loquutionem,
1276 729 1309 783 et

130 804 262 944 diii,
275 800 378 938 tibh
410 819 460 940 h
477 795 866 958 ¹⁰t⁰ttht¹tth⁸ttib
886 795 972 936 tbi
1001 796 1309 959 ffhidssdnii

461 923 468 937 ·
971 915 981 950 a

148 963 229 1024 ¹iieri
249 979 313 1021 com
335 961 514 1020 arationeme·
533 959 593 1018 acsi
617 957 771 1018 dicetetm.
801 953 924 1035 Cupient
950 962 1052 1035 gentes
1127 957 1199 1020 edici
1217 961 1308 1022 instar

167 1041 282 1110 seminis
330 1039 443 1100 brahae.
483 1035 542 1098 Sed
562 1055 654 1118 quum
673 1035 741 1096 aiibi
760 1033 908 1116 Scriptum
928 1033 1010 1110 dicit,
1030 1033 1206 1098 Benedicent
1225 1057 1258 1100 oe
1278 1041 1310 1102 in

132 1115 133 1122 '
168 1121 234 1192 Deo
254 1121 337 1194 vivo,
366 1125 400 1178 ut
418 1118 470 1178 ier.
492 1117 520 1192 t,
540 1121 569 1180 2.
609 1116 663 1178 les.
683 1116 732 1189 65,
753 1117 815 1178 10.ι
846 1115 930 1186 item,
947 1113 1123 1178 Benedieeee
1141 1118 1172 1177 in
1191 1119 1309 1182 omnine

168 1201 301 1276 Domini,
330 1205 364 1259 ut
382 1197 501 1260 Deuten.
523 1201 576 1270 10,
599 1199 629 1260 8.
654 1202 685 1256 et
710 1195 773 1256 aliis
791 1194 862 1254 tocie
881 1193 1034 1256 similibus:
1064 1197 1129 1276 quie
1148 1217 1210 1258 non
1230 1199 1308 1260 videt

71 1285 78 1302 ’
168 1273 1308 1437 dimititte„¹3¹hiti¹¹adttd⁰¹dd¹ahhhthi⁰tffi

169 1439 303 1501 Abrabae
322 1439 414 1499 nonisi
438 1439 468 1498 in
494 1435 610 1496 Christo
656 1453 721 1496 osso
748 1374 886 1509 invadet,
914 1441 1000 1494 reebt
1029 1441 1061 1494 nt
1090 1435 1306 1498 consideremus

169 1519 255 1601 quale
274 1519 311 1578 sit
331 1516 437 1576 Christi
456 1517 592 1578 officium.
634 1457 684 1576 1ita
708 1513 824 1574 indubie
853 1513 986 1594 liquebit,
1013 1515 1105 1594 ipsum
1128 1535 1188 1576 non
1213 1518 1305 1578 stetui

168 1599 252 1680 quasi
280 1597 389 1657 nudum
413 1597 575 1676 exemplar,
600 1595 659 1656 ,scd
682 1613 750 1656 vere
775 1593 805 1656 iu
829 1595 893 1675 ipso
917 1595 1042 1675 pmmitb'
1065 1593 1306 1672 benedictionem,

7 1723 10 1734 '
169 1680 236 1820 hii
248 1675 623 1818 ttithttfflhhb‘ht
636 1693 913 1816 tttttthn
929 1673 1308 1818 {ffiioidioidd

17 1827 20 1842 ’
169 1838 318 1900 commin
337 1843 380 1910 te,
399 1835 495 1906 et,.ln
514 1837 622 1896 semine
640 1841 700 1896 tuo.
789 1833 886 1897 cahem
906 1853 976 1896 vero
996 1833 1066 1894 nibil
1085 1853 1175 1914 quam
1194 1833 1306 1896 benedi·
1342 1845 1346 1854 ⁴

173 1918 276 1978 ationis
301 1921 335 1995 ty
355 1935 389 1975 ue
413 1915 468 1976 fuit
492 1914 540 1975 vel
565 1915 722 1996 speculum.
774 1911 961 1996 despondeo,
991 1915 1022 1974 in
1044 1931 1169 1994 persone
1193 1933 1308 1995 quoqne

170 1996 304 2058 Abrabae
329 1937 468 2076 designari
492 2015 598 2077 corpus
626 1993 713 2071 illud,
743 1993 822 2075 quod
846 1994 883 2054 ub
908 2013 968 2056 uno
993 1997 1088 2076 capite
1106 1994 1212 2076 pendet
1230 1995 1308 2056 etin

172 2077 236 2158 ipso
256 2081 300 2136 eu
310 2075 491 2156 colligatum
784 2138 786 2144 s
1019 2085 1022 2094 ’

254 2159 360 2216 Omnes
373 2157 521 2238 familiae.
567 2154 664 2216 Iudaei
683 2174 776 2216 crasse
796 2159 958 2236 exponunt,
990 2153 1069 2235 qnod
1088 2160 1185 2234 gentes
1205 2169 1307 2214 omnes

172 2236 225 2296 sihi
250 2235 323 2296 bene
353 2254 415 2296 esee
438 2238 552 2315 cupient
574 2237 665 2296 instar
690 2235 804 2296 seminis
833 2235 974 2295 Abrahae
1025 2233 1083 2294 Nos
1114 2253 1183 2294 vero
1211 2234 1305 2308 aliter,

173 2316 262 2396 Quod
282 2317 311 2376 iu
331 2316 494 2376 societatem
512 2317 679 2376 inserentur.
720 2311 794 2374 Nam
813 2321 843 2374 et
862 2314 919 2374 buc
938 2317 1078 2395 spectavit
1095 2332 1202 2374 nomen
1213 2312 1306 2374 Abre-

174 2397 256 2471 hnm,
282 2396 349 2476 quin
368 2395 494 2456 iubenum
513 2402 625 2456 oratum
644 2393 726 2454 Dens
746 2395 868 2476 populos
888 2413 987 2456 omnes
1007 2394 1045 2456 ad
1063 2413 1130 2454 eum
1148 2393 1305 2474 oedigeret.

161 2475 335 2556 *Prophetae
353 2495 470 2554 quoque
490 2475 558 2536 dum
577 2492 725 2556 expoueae
736 2475 838 2534 volunt
847 2473 916 2554 quid
935 2473 1107 2548 hoovaleat,
1125 2475 1309 2554 pessimgen·

173 2557 250 2616 tibus
271 2573 452 2618 communem
471 2554 532 2614 iore
551 2554 649 2616 sniutis
668 2553 870 2614 baeredhetem
916 2554 1069 2614 racdicnnt.
1119 2555 1218 2634 Atque
1241 2555 1309 2615 binc

173 2655 239 2716 pere
259 2634 374 2706 immun,
400 2641 434 2694 ut
452 2633 552 2694 foedus
571 2632 641 2708 Dei,
672 2635 749 2714 quod
771 2642 839 2695 hunc
857 2633 890 2694 Iu
927 2635 968 2694 eie
987 2623 1130 2715 percutiam
1149 2640 1225 2707 emi,
1249 2653 1308 2694 non

173 2733 223 2774 mo
244 2733 261 2772 o
281 2713 478 2807 promiscuum
501 2713 539 2774 eit
566 2713 712 2786 omnibus,
741 2714 791 2776 eod
815 2715 984 2776 nominatim
1006 2713 1122 2774 feriatur
1145 2713 1308 2774 nobiscnm.

174 2792 292 2887 Alioqui
319 2812 379 2852 uon
407 2794 474 2854 eatis
498 2792 609 2854 iicmnm
632 2813 671 2854 cx
694 2792 851 2934 mid?
875 2795 974 2856 solutis
997 2791 1128 2854 fiduciam
1152 2811 1308 2873 possemus

174 2890 347 2952 concipere·
364 2867 440 2952 Ergo
459 2891 497 2934 ne
516 2875 657 2954 patiamur
675 2873 758 2934 nobie
836 2893 852 2935 c
872 2875 1082 2956 promissionem
1101 2872 1209 2940 excuti,
1228 2889 1309 2951 quae

173 2952 263 3012 veluti
282 2951 415 3012 solemnis
434 2955 608 3048 nuncupatio
627 2961 686 3028 est,
707 2972 764 3034 qua
773 2951 917 3020 Dominus
935 2973 988 3015 noe
1006 2951 1138 3012 haeredes
1157 2971 1228 3012 enos
1246 2969 1308 3012 nnn
1386 3017 1387 3022 γ

175 3051 242 3093 cum
282 3029 388 3092 utribus
408 3033 562 3094 ooustttuu.
608 3031 676 3114 Quo
703 3036 789 3094 etiam'
807 3035 933 3116 mpexit
952 3033 1067 3106 Potum,
1097 3051 1189 3112 quum
1217 3031 1310 3112 peudo
1386 3037 1387 3042 ’

174 3118 241 3194 post
260 3053 344 3187 dicit,
369 3110 514 3174 Christum
538 3112 648 3176 tudam
667 3114 761 3196 primo
781 3113 871 3176 fuisse
890 3115 1018 3176 missum.
1062 3110 1212 3193 Significat
1228 3113 1310 3180 enim

174 3200 205 3256 et
223 3191 353 3275 gentibus
372 3212 457 3256 suum
476 3213 551 3268 csse,
569 3194 637 3256 licet
655 3195 869 3268 secundarium,
888 3195 1025 3255 ordinem.

253 3275 301 3335 26.
320 3275 472 3337 Excitavit
493 3277 610 3336 Filium.
641 3273 758 3370 Gottipit
777 3294 815 3335 ex
834 3273 1035 3348 verbinMosie,
1054 3271 1218 3336 exhibitum
1231 3289 1310 3332 nune

160 3373 236 3423 ,esse
256 3352 415 3414 Christum:
435 3356 514 3434 etqui
531 3353 604 3414 nibil
623 3355 680 3416 tale
698 3355 837 3416 vedentur·
850 3375 962 3452 sonare.
991 3353 1042 3417 Sic
1060 3359 1158 3416 nmen
1177 3359 1243 3434 apte
1262 3369 1308 3412 re·

175 3435 341 3508 tiooinotur,
370 3435 437 3514 quia
461 3453 518 3494 non
542 3434 625 3495 aliter
644 3441 786 3496 constnrct
805 3435 977 3510 benedictio,
1005 3435 1061 3494 nisi
1080 3435 1141 3494 eius
1158 3431 1269 3493 initium
1289 3449 1309 3492 a

174 3513 277 3575 Messias
300 3513 410 3574 flueret.
458 3513 579 3594 Semper
602 3515 680 3576 enim
703 3517 840 3578 memoria
865 3515 1019 3576 tenendum
1039 3520 1097 3588 est,
1125 3512 1308 3574 maiedichum

175 3613 237 3654 esse
256 3601 351 3655 totum
370 3591 524 3656 humanum
544 3613 647 3675 genus,
666 3593 787 3676 ideoque
806 3595 948 3678 singulare
967 3593 1126 3654 remedium
1142 3591 1223 3652 nobie
1236 3610 1307 3686 pro*

174 3675 264 3748 mitti,
292 3675 374 3754 qnod
397 3674 508 3734 nonuhi
531 3694 584 3755 per
609 3673 755 3736 Chtistum
780 3683 946 3757 praestatur.
996 3671 1110 3754 Quare,
1139 3672 1216 3732 solue
1243 3689 1311 3750 epse

174 3751 239 3814 ioue
263 3761 294 3814 et
320 3773 337 3812 o
381 3773 400 3812 o
424 3751 634 3816 benedictionis.
717 3755 798 3818 uodsi
820 3758 851 3818 in
874 3756 952 3818 bunc
976 3755 1065 3816 tinem
1089 3752 1206 3814 advenit
1224 3749 1309 3810 Ciui-

175 3839 252 3908 etos,
277 3839 311 3894 ut
328 3774 438 3894 liddaeie
457 3834 597 3914 primum,
628 3834 729 3896 deinde
747 3843 777 3896 et
796 3835 877 3898 nobis
897 3836 1060 3910 benedicet,
1091 3831 1225 3914 implevit
1243 3851 1309 3912 pro-

174 3913 221 3972 cul
241 3911 328 3974 dnbio
347 3932 413 3973 suas
432 3921 541 3995 pectes:
571 3934 607 3976 ac
630 3935 684 3975 nos
708 3914 793 3976 buius
818 3915 907 3978 officii
926 3918 985 3976 vim
1003 3922 1034 3976 et
1051 3914 1189 3976 effectum
1208 3911 1240 3972 in
1259 3931 1309 3972 no·

174 3989 217 4048 bie
237 3994 406 4064 sentiemus,
434 3995 489 4054 nisi
551 4001 717 4056 enocham
741 3995 966 4056 incredubtetem
985 3994 1105 4056 steterit.
1156 3990 1238 4052 Haec
1252 3989 1309 4050 snb

174 4065 250 4146 Lege
269 4072 489 4134 sacerdotaliso
521 4077 557 4134 cii
596 4093 641 4136 ers
660 4082 737 4151 erat,
769 4075 934 4137 benedicere
952 4097 992 4157 po
1013 4075 1078 4147 ulo,
1106 4091 1143 4134 ae
1160 4092 1200 4132 ne
1219 4071 1311 4132 inanis

174 4143 246 4204 baec
265 4155 519 4244 esaetceeemonia
538 4096 892 4235 audiuerotpromimto,
911 4095 1192 4228 deludentium
1213 4155 1242 4222 6,
1262 4153 1310 4214 et.

176 4223 264 4301 Quod
283 4232 379 4286 numm
398 4249 429 4288 ιιι
447 4233 536 4294 veteri
555 4232 716 4296 montotto
734 4235 938 4296 adumbratum
954 4236 1024 4306 fuit,
1053 4251 1123 4293 vere
1141 4231 1173 4292 in
1194 4229 1310 4292 ctutum

196 4305 343 4398 constitum
366 4312 417 4399 est.
463 4307 530 4387 Qua
555 4308 592 4373 de
616 4329 647 4371 te
671 4312 755 4392 piune
783 4314 907 4379 dixtnm
935 4314 973 4376 ed
1002 4311 1168 4374 flammeos
1197 4313 1232 4386 7,
1262 4312 1312 4374 16.
1384 4307 1385 4389 i

247 4401 287 4476 nn
310 4399 404 4446 vesum
427 4385 497 4450 milui
521 4410 582 4454 nou
613 4389 715 4473 placet.
764 4389 852 4454 Ponit
879 4395 970 4470 enim,
1000 4391 1101 4474 Quum
1130 4392 1312 4454 suscitasset:
