2700 4844
34 151 42 270 ,ἶ
174 183 300 247 ιιι·
391 167 393 174 ’
550 181 865 249 ιιισιιιιοιι.

33 304 34 316 ’
174 299 259 358 acina
288 295 429 360 doctrinae
461 297 623 376 sinceritas,
645 301 788 384 maiorque
813 303 931 362 lueet-et¹
950 302 1082 364 eruditio.
1112 303 1312 367 *attonsaru-

32 373 34 422 ἑ
158 385 222 438 aur
254 379 343 452 enim,
371 397 403 438 se
432 397 561 440 arcanam
589 381 748 462 Scripturas
775 383 989 462 intelligentiam
1019 390 1130 444 turae:
1168 393 1200 446 et
1231 395 1313 446 certe

174 455 344 532 Sadducaei,
367 477 455 538 quum
479 479 510 519 se
533 461 666 522 iactasset
688 479 751 521 esse
777 461 907 534 literales,
927 461 1031 522 obruta
1050 462 1225 544 Scriptum
1245 467 1312 525 iuoe

174 540 203 598 in
223 537 333 596 foedam
357 555 534 617 crassamque
553 541 688 600 inscitiam
716 539 822 622 delapsi
846 546 933 601 erant.
978 539 1081 601 Esseni
1105 545 1187 602 vitae
1213 553 1310 604 auste-

174 619 256 680 ritate
280 617 402 676 contenti
427 616 569 680 doetrinae
596 621 718 679 studium
734 641 803 681 noa
832 638 1005 701 magnopere
1033 621 1184 682 multant
1243 622 1309 682 Nec

119 747 121 752 ,
174 697 266 759 obstat
295 697 371 776 quod
401 693 529 758 Christus
558 701 587 758 in
615 697 778 760 Pharisaeos
827 701 968 774 aeacide,
998 707 1138 780 tauquam
1169 704 1304 762 manium

120 783 125 802 ‘
174 777 337 837 deterrimos
356 775 518 858 Scripturas
537 785 724 860 corruptores,
748 721 1175 858 inveddtm(d1attir'.‘23,13).
1227 779 1302 842 Νειιι

175 872 264 938 quom
292 855 344 916 sibi
368 873 405 915 ex
434 875 536 917 armna
561 865 589 918 et
613 858 756 919 recondito
785 856 869 918 sensti
892 860 935 918 ius
967 859 1198 938 interpretandae
1223 859 1302 920 Seri·

174 943 275 1018 pturao
298 935 483 1012 vindicarent,
507 936 573 998 hinc
596 938 642 997 illa
665 936 791 996 mutandi
813 939 1144 1018 nocendique-andacia,
1169 942 1219 998 eui
1240 939 1301 998 Do·

175 1017 268 1079 miuus
291 1022 443 1076 soooenset.
491 1015 549 1076 Sed
577 1015 681 1078 Paulus
707 1023 865 1077 mmmenta
887 1017 951 1092 itta,
981 1036 1056 1096 quae
1080 1025 1188 1078 temero
1215 1018 1302 1078 iabri-

175 1101 238 1156 eaia
263 1095 407 1174 tyrannico
429 1097 521 1178 rigore
545 1097 695 1176 urgebant,
724 1115 782 1154 non
806 1097 874 1156 attin
894 1097 929 1154 it:
954 1116 1021 1155 nam
1049 1097 1090 1154 ilii
1113 1100 1301 1176 propositum

175 1181 244 1248 ciat,
266 1179 375 1234 tantum
400 1173 434 1233 de
456 1177 659 1236 resumeoiione
681 1180 857 1260 poor-tuorum
876 1119 969 1254 ioqui.
1018 1172 1191 1254 Quanquam
1219 1179 1299 1235 enim

175 1253 279 1334 Legem
288 1255 317 1314 in
327 1252 422 1312 multis
432 1255 555 1333 partibus
565 1255 781 1328 adulterassent,
792 1270 913 1334 aequum
924 1262 1014 1313 tamen
1023 1263 1090 1326 emt,
1101 1267 1133 1312 ut
1144 1258 1174 1313 ia
1185 1257 1298 1314 tuenda

175 1353 243 1393 sana
256 1333 312 1394 iide
325 1332 411 1412 pluris
426 1339 499 1392 esset
509 1336 571 1392 eius
584 1341 674 1392 sectae
685 1337 845 1406 auctoritas,
860 1334 1071 1413 quamatiarum,
1086 1351 1162 1412 quae
1171 1333 1296 1410 longius

174 1413 294 1472 anatim
338 1411 437 1470 unitate
456 1411 639 1471 desciverant.
679 1413 769 1484 Adde,
789 1413 864 1492 quod
885 1412 920 1471 de
936 1413 1037 1491 volgari
1049 1417 1158 1470 tumn
1178 1413 1293 1472 iudicio

173 1492 297 1571 loquitur
314 1431 428 1563 dauns,
447 1490 525 1570 quod
543 1491 694 1552 subtilioris
714 1495 844 1552 scientiae
862 1491 987 1551 colorem
1004 1489 1150 1570 spectabat.

251 1573 279 1631 6.
320 1569 363 1628 06
380 1591 459 1651 speon
475 1579 717 1650 repromissionis
755 1569 838 1630 Nunc
856 1572 887 1629 iu
906 1587 1018 1630 causam
1035 1569 1191 1643 deseendit,
1208 1571 1292 1650 quod

123 1661 130 1668 “
173 1648 278 1710 scilieet
301 1646 339 1708 ob
362 1651 543 1730 praecipuum
562 1651 648 1709 totius
671 1651 736 1710 fidei
753 1656 845 1730 eaput
867 1649 982 1710 laboret
1031 1645 1093 1708 Etsi
1122 1655 1223 1714 autem
1247 1669 1298 1728 ge·

172 1729 305 1790 nataliter
333 1727 369 1788 de
396 1731 598 1788 resumeetione
626 1729 760 1807 loquutus
789 1730 913 1803 videtur,
946 1727 1078 1808 colligere
1105 1734 1202 1788 tamea
1227 1729 1298 1788 lieet

174 1829 214 1868 ex
237 1813 386 1880 contextu,
410 1809 446 1868 ab
469 1809 568 1868 altiore
591 1808 729 1890 principio
752 1827 887 1869 morsura
905 1827 974 1882 esse,
995 1813 1023 1866 ei
1042 1825 1092 1866 eas
1109 1807 1296 1867 maustau-

175 1887 229 1946 tias
253 1887 432 1980 complexum
454 1907 528 1960 esse,
552 1905 625 1967 quae
647 1887 759 1967 proprie
782 1887 946 1968 spectabant
969 1887 1004 1947 ad
1027 1885 1115 1946 iidem
1139 1881 1297 1966 Evangelii.

174 1965 269 2028 Reum
293 1987 324 2025 se
346 1965 455 2027 iactum
475 1986 537 2026 csse
554 1985 573 2027 a
591 1965 701 2026 ludaeis
719 1967 910 2046 conqueritur.
933 1967 1010 2046 quod
1029 1985 1110 2046 spem
1129 1969 1296 2046 promissio-

175 2049 219 2106 nis
243 2047 279 2105 ad
303 2043 400 2106 Patres
422 2047 512 2106 saeue
540 2052 682 2104 ssseneree
729 2043 888 2106 Exordium
915 2065 983 2124 ergo
1010 2045 1086 2104 istud
1116 2045 1185 2114 tuit,
1206 2053 1297 2184 :qu

176 2125 247 2186 adeo
268 2125 434 2186 detensionis
452 2125 552 2198 cardo,
575 2123 673 2186 foedus
697 2124 774 2203 quod
797 2123 877 2184 Deus
901 2127 1046 2204 pepigerat
1068 2143 1136 2184 urm
1161 2123 1207 2184 Pa
1234 2129 1295 2184 'ns

163 2205 212 2264 *ad
231 2211 372 2266 aeternam
391 2206 511 2276 alutem
529 2203 634 2264 referri.
674 2201 771 2280 Quare
788 2203 859 2264 haee
878 2203 1072 2283 disputationis
1097 2221 1216 2267 summa
1235 2207 1292 2274 init,

176 2284 255 2364 quod
282 2283 359 2344 nulla
388 2290 462 2346 esset
488 2283 654 2343 ludaeorum
682 2283 787 2361 religio,
811 2284 864 2344 uisi
887 2283 925 2342 ad
947 2283 1041 2344 coelos
1065 2290 1162 2342 ment
1188 2287 1290 2354 utere,

160 2369 207 2422 ‘et
229 2361 346 2444 proinde
374 2364 470 2424 oculus
498 2364 528 2422 in
557 2361 700 2421 Christum
728 2381 820 2422 novae
847 2363 923 2422 vitae
950 2369 1096 2421 auctorum
1125 2361 1290 2442 diriguerat.
1345 2405 1346 2409 ,

177 2441 375 2504 Gloriabantur
402 2463 434 2502 se
463 2462 501 2504 ex
527 2440 656 2501 omuibus
683 2447 773 2503 meae
838 2441 912 2522 pulis
938 2442 1014 2500 solos
1038 2459 1055 2500 a
1082 2438 1212 2504 Domino
1238 2443 1292 2502 eln-

175 2529 246 2582 etos.
284 2521 372 2603 Atqui
393 2523 477 2582 nulla·
494 2527 555 2582 erat
578 2521 734 2658 adoqpionis
758 2519 1129 2592 armamentorum
1237 2523 1244 2538 ⁸

176 2602 240 2662 ireti
259 2602 292 2662 iu
316 2602 514 2662 haereditatem
537 2601 615 2679 regni
669 2601 695 2659 ci
719 2602 895 2680 respicerent.
938 2598 1030 2659 Multo
1053 2619 1122 2678 ergo
1140 2539 1290 2680 m
1342 2609 1343 2623 ¹

175 2683 267 2760 cipere
280 2726 284 2737 s
297 2679 376 2740 decet
404 2699 490 2761 qnam
518 2684 621 2759 aperte‘
646 2681 784 2759 exprimat
812 2677 912 2740 Lucas.
965 2679 1004 2737 Et
1032 2686 1108 2739 eene
1140 2699 1201 2738 noa
1234 2681 1289 2738 alio
1340 2675 1342 2765 ζ

175 2779 189 2816 ι
209 2765 283 2818 ectat
305 2761 365 2818 eius
389 2760 525 2830 narratio,
549 2758 603 2816 nisi
627 2763 660 2815 ut
679 2760 799 2818 amamus
818 2757 975 2894 dequibus
994 2759 1156 2818 arment
1170 2757 1286 2818 Paulus

174 2779 254 2914 &uid
286 2844 380 2897 autem
408 2845 437 2897 et
480 2835 561 2896 uibus
589 2836 680 2896 serbis
709 2837 836 2898 subtlest.
897 2843 1008 2898 nunna
1036 2836 1222 2896 nostrum'cst
1243 2855 1284 2895 ex

174 2915 257 2976 brevi
281 2933 391 2976 summa
422 2857 567 2998 colligere,
606 2935 694 2994 quae·
713 2917 749 2984 ad
783 2915 999 2996 disputationem
1034 2916 1099 2976 haue
1128 2916 1283 2993 petineat,

175 3014 248 3075 quae
276 2993 362 3056 libere
389 3003 418 3056 et
441 2997 561 3076 ingenue
583 3013 678 3056 eoram
708 2995 833 3076 Agrippa
863 3000 983 3058 mactata
1013 2994 1078 3070 luit,
1103 2992 1151 3053 ulai
1173 2993 1286 3076 phocide

175 3073 274 3154 agendi
292 3075 410 3136 locutas
429 3075 554 3136 dabatur.

252 3155 279 3216 7.
308 3157 360 3215 Ad
377 3177 464 3240 monn
482 3157 630 3216 duodecim
648 3157 739 3216 triduo
757 3163 810 3216 etc.
838 3153 1008 3236 Expostulai
1026 3153 1104 3236 apud
1124 3153 1290 3294 Ἧι

174 3232 252 3314 quod
281 3253 314 3294 eo
344 3237 490 3315 prolapsus
518 3236 555 3294 sii
581 3233 721 3294 Ecclesiae
749 3241 849 3308 status,
876 3241 909 3294 ut
932 3241 1097 3316 oppugnent
1249 3243 1287 3296 tes

174 3331 352 3374 communem
380 3333 459 3394 spem
487 3315 612 3373 omnium
640 3311 774 3387 fidelimn,
802 3315 859 3374 acsi
888 3313 999 3388 diceret,
1023 3311 1175 3390 Quorsum
1200 3319 1287 3395 crespi·

173 3397 238 3455 rant
265 3412 363 3452 eorum
391 3400 467 3464 vota,
496 3395 655 3530 qpicmue
683 3413 720 3454 ex
749 3399 831 3474 genta
852 3399 947 3456 nosua
971 3393 1089 3452 wllieite
1120 3391 1222 3452 Deum
1244 3413 1286 3454 os-

174 3470 246 3544 leni,
269 3479 424 3552 noctesque
447 3479 476 3531 et
527 3492 557 3532 es
579 3473 742 3552 impendunt
766 3473 801 3532 ad
826 3471 937 3552 pietatis
961 3471 1067 3542 otiieiu,
1090 3473 1150 3532 nisi
1175 3482 1212 3533 ut
1234 3481 1286 3532 taa-
1314 3540 1321 3561 Ι

105 3579 112 3588 ·
174 3549 238 3610 dem
267 3549 303 3610 ad
332 3551 517 3612 immortalem
545 3551 631 3610 vimus
659 3552 839 3631 perveniant?
892 3550 981 3628 Atqui
1017 3551 1093 3610 idem
1129 3559 1178 3612 est
1208 3557 1285 3612 totas

174 3628 317 3690 doetrinae
344 3650 423 3690 meae
450 3649 567 3710 scopus,
594 3629 660 3709 quia
689 3629 737 3690 ubi
766 3630 962 3707 redemptionis
992 3631 1078 3711 gratis
1112 3636 1286 3712 proponitur,

174 3708 257 3768 amul
285 3712 408 3789 aperitur
434 3711 518 3768 ianua
544 3711 622 3789 regni
645 3710 799 3770 coelorum.
840 3706 878 3767 Et
902 3727 989 3787 quum
1013 3709 1147 3788 praedico
1175 3730 1196 3770 a
1218 3733 1286 3770 mor·

174 3790 231 3848 tuis
263 3792 415 3850 excitatum
450 3789 546 3848 salutis
579 3794 736 3861 auctorem,
775 3789 909 3868 primitias
941 3787 1038 3848 beatae
1069 3789 1287 3850 immortalibus

174 3868 264 3928 offero
287 3871 317 3928 in
340 3869 399 3928 eius
443 3887 550 3928 ersona.
593 3859 635 3928 iu
659 3887 691 3928 su
729 3869 787 3926 rior
810 3867 953 3926 doctrinae
976 3866 1160 3928 confirmatio
1181 3889 1220 3930 ex
1237 3870 1286 3928 Dei

174 3946 261 4006 verbo
285 3959 397 4028 sumpta
419 3887 481 4022 duit,
505 3967 592 4026 quum
615 3888 744 4006 Pati-idda
762 3948 864 4006 iactam
882 3946 1095 4038 premissionem
1114 3949 1147 4006 iu
1168 3949 1284 4010 medius

173 4025 336 4086 adduceret:
355 4045 431 4087 nune
449 4026 571 4086 seeundo
590 4027 654 4086 loeo
671 4027 796 4104 adtingit
814 4023 955 4083 lienteum
972 4043 1155 4086 eonsensum.
1199 4030 1282 4107 Atqu

173 4099 244 4158 haee
270 4105 393 4182 legitima
421 4112 464 4166 est
486 4107 516 4166 iu
539 4103 692 4166 asserendis
716 4105 781 4164 fidei
805 4102 980 4183 dogmatibus
1005 4105 1087 4178 ratio,
1117 4112 1153 4164 ut
1179 4115 1284 4188 praeut

173 4172 229 4232 Dei
257 4185 416 4256 securitas,
445 4184 544 4244 ddndc
576 4185 691 4244 accedat
718 4181 858 4244 Ecclesiae
887 4181 958 4240 suiir
993 4185 1058 4242 atio.
1113 4181 1284 4266 Quaqua

173 4251 256 4314 timul
281 4259 432 4330 prudenter
456 4261 598 4322 habendus
627 4269 670 4322 cst
693 4281 775 4325 verae
798 4261 939 4322 Ecclesiae
958 4201 1100 4332 ndelectus⁸
1123 4265 1214 4324 sicuti
1239 4283 1285 4324 nos

172 4331 302 4409 exempto
325 4353 377 4396 suo
403 4337 449 4400 hie
470 4338 577 4402 Paulus
602 4341 695 4404 dccet:
719 4342 846 4424 quamvis
870 4341 945 4408 euim
967 4344 1050 4404 sciret
1068 4339 1219 4406 Ecclen‘ae
1238 4347 1285 4404 tar·
