2786 4870
303 913 627 1032 ruamus
665 917 998 1058 οιιιιιιιι,

150 1082 507 1185 ὀοιιιιιιιιιιιιι
533 1119 582 1184 ιιι
603 1117 734 1186 ocur
754 1119 1131 1194 onnsrononnnr.

538 1279 746 1294 m

439 1421 746 1510 C'APUT
806 1427 841 1513 1.

168 1605 200 1673 1.
219 1589 381 1678 Priorem
402 1603 530 1694 quidem
552 1628 731 1674 sennonem
752 1607 933 1694 habuimus,
961 1633 981 1678 o
1010 1579 1214 1706 Theophila,

79 1712 122 1778 de
145 1713 299 1795 omnibus,
321 1733 401 1802 quoae
423 1711 528 1802 coepit
549 1710 636 1780 lesus
658 1711 757 1782 iacere
780 1722 812 1780 et
833 1713 954 1784 docere.
998 1717 1029 1786 2.
1051 1716 1102 1792 Ao
1123 1742 1198 1788 eum
1312 1791 1321 1798 ,
1382 1685 1383 1696 ¹

80 1839 187 1906 usque
216 1817 312 1900 diem,
341 1839 405 1906 quo
432 1827 603 1908 postquam
630 1817 775 1884 mandata
802 1819 1027 1910 perspiritum
1054 1833 1198 1896 sanetum

81 1922 223 1990 dedisset
242 1919 414 2013 Apostolis,
435 1943 517 2010 qnos
538 1921 687 2014 elegerat,
709 1943 833 1990 sursum
855 1935 1035 2014 assumptus
1056 1937 1114 1996 est.

161 2068 189 2128 1.
230 2063 335 2126 Utntn'
349 2063 439 2136 adea,
459 2081 533 2145 quae
543 2061 649 2124 Christi
661 2081 808 2124 acconam
824 2071 944 2146 sequuta
957 2072 1031 2142 sunt,
1049 2069 1198 2129 hanutum

79 2141 178 2218 faeiat,
202 2161 342 2203 mmmam
367 2161 482 2217 eornm,
563 2161 579 2201 e
601 2143 696 2222 priore
720 2141 793 2200 libro
817 2147 998 2218 tractaverat,
1023 2147 1142 2226 colligit,
1164 2153 1199 2207 ut

78 2221 156 2282 buno
175 2241 242 2282 cum
258 2223 312 2282 illo
331 2225 473 2282 contexat.
546 2239 597 2282 aee
619 2227 714 2280 autern
738 2219 831 2280 brevio
854 2219 1040 2302 Evangelicao
1063 2224 1198 2292 historiae

79 2301 228 2382 descriptio
254 2301 291 2362 ab
314 2319 350 2360 eo
375 2302 504 2380 ponitur,
529 2299 607 2380 quod
631 2301 667 2358 ait
689 2315 790 2360 eorum
811 2301 950 2374 narratio,
975 2321 1049 2382 quae
1073 2303 1140 2363 feeit
1163 2321 1198 2363 ao

79 2379 150 2440 dixit
179 2377 326 2452 Christus,
351 2378 483 2458 quamdiu
506 2380 537 2438 in
559 2385 634 2439 terra
658 2384 785 2438 versatus
809 2385 860 2439 est
904 2376 995 2476 Porro
1019 2380 1097 2478 pund
1120 2399 1197 2476 epm·

79 2459 205 2519 munitet
227 2459 457 2538 interpretantur,
485 2457 561 2518 vitae
583 2457 794 2518 sanctimoniam
817 2475 1001 2538 praecessore
1024 2479 1054 2518 ιιι
1073 2458 1196 2535 mmm
1241 2461 1243 2468 ’
1283 2471 1286 2478 ’

80 2543 218 2632 sequutae
237 2536 335 2598 deiude
353 2535 472 2596 docendi
489 2542 594 2617 partes,
613 2534 668 2594 hoc
687 2534 757 2595 nihil
776 2535 811 2596 ad
830 2543 953 2595 mentem
966 2534 1068 2598 Lucae
1088 2535 1197 2598 Verum

80 2614 198 2696 quadem
216 2621 274 2690 est,
293 2617 334 2676 aio
351 2616 521 2695 compositos
541 2613 643 2674 debere
661 2633 723 2674 esse
736 2613 804 2674 boui
817 2621 847 2674 et
862 2613 944 2710 probi
957 2615 1080 2678 doctoris
1093 2635 1196 2702 mores,

80 2699 115 2753 nt
134 2695 191 2754 vita
209 2694 289 2773 prins
308 2693 546 2774 loquaturquam
563 2693 659 2788 liupua
679 2691 797 2774 (alioqui
816 2691 886 2754 nitro
910 2713 927 2754 a
946 2693 1081 2755 theatrico
1100 2701 1197 2756 actore

80 2770 229 2850 ostentm
258 2779 289 2832 at
311 2771 404 2832 Lucas
428 2773 523 2852 potino
547 2772 584 2831 ad
607 2770 677 2832 illud
700 2773 838 2852 respexit,
867 2773 946 2852 qnod
964 2773 1039 2834 cirea
1061 2771 1197 2836 historiae

80 2850 264 2933 Euangeliou
282 2851 370 2912 finem
389 2851 512 2926 dixerat,
531 2847 676 2910 Christum
693 2848 865 2932 Prophetam
883 2851 969 2912 fuisso
988 2869 1073 2932 opere
1091 2858 1121 2913 et
1139 2871 1197 2913 aer·

80 2949 165 2991 mone
204 2937 342 3004 utentem,
366 2929 424 2990 hoo
442 2935 499 3005 est,
525 2927 576 3009 qui
593 2929 674 2990 factis
692 2949 751 2990 uon
770 2930 862 2989 atinus
882 2949 968 3013 qoam
991 2929 1084 2990 verbis
1102 2931 1195 2992 excel·

80 3007 151 3068 leret
225 3009 396 3088 c24‚'19.)·
435 3006 617 3088 Quamquam
635 3008 709 3068 inter
726 3007 802 3067 hunc
820 3007 916 3068 locum
934 3014 962 3067 et
980 3009 1060 3069 iilum
1078 3011 1196 3088 paulum

80 3093 124 3147 est
138 3087 314 3148 discriminis.
343 3085 470 3168 Operum
483 3087 702 3166 enimpotentia,
721 3085 1006 3164 quaeilliclandatur,
1018 3086 1195 3154 admiracula

82 3164 282 3244 spectatohm
297 3185 365 3226 vero
381 3165 584 3246 socere'htiua
602 3171 689 3246 patet,
708 3183 772 3224 meo
790 3163 908 3244 jndicio,
927 3183 1032 3244 nempe
1048 3170 1081 3222 ut
1100 3165 1195 3224 omnia

84 3241 305 3322 comprehendat
322 3245 435 3326 insignia
454 3245 514 3306 eius
532 3243 620 3318 facta,
640 3257 713 3323 qnae
731 3241 843 3322 propria
863 3248 943 3301 mant
961 3243 1022 3302 eius
1040 3240 1193 3316 ministerii,

82 3323 116 3380 iu
137 3320 240 3400 quibua
257 3341 334 3382 mers
352 3329 380 3382 ot
396 3323 562 3384 resurrectio
581 3323 687 3403 primas
705 3325 809 3380 tonent.
840 3316 975 3381 Officium
992 3317 1195 3392 enimMessiae

83 3418 145 3459 non
164 3399 225 3458 sota
245 3399 369 3460 doctrina
387 3401 544 3462 constabat:
567 3401 618 3460 sed
637 3397 844 3480 pacificatorem
869 3415 931 3457 esse
950 3397 1097 3478 oportebat
1120 3397 1195 3456 inter

81 3476 181 3540 Deum
199 3484 231 3538 et
248 3475 387 3552 homines,
406 3479 504 3561 populi
523 3478 744 3573 redemptorem,
761 3476 840 3554 ugni
858 3476 1079 3549 instauratorem,
1099 3481 1194 3534 auoto-

82 3577 145 3616 rem
163 3563 293 3620 aeternae
312 3557 457 3618 tefidtatis.
496 3556 586 3630 Haec,
614 3575 744 3635 inquom,
772 3553 879 3629 omnia,
903 3559 937 3613 nt
955 3553 991 3614 de
1009 3552 1110 3614 Messio
1128 3571 1193 3634 pro·

82 3637 168 3695 naisso
192 3641 286 3711 crant,
316 3637 357 3696 aio
375 3635 411 3702 ab
430 3639 493 3718 ipso
512 3634 753 3716 exspectabantur.
802 3627 885 3693 Nunc
903 3630 1030 3692 videmus
1047 3629 1210 3712 Evangelii*

83 3731 222 3774 summam
250 3713 359 3774 duabus
383 3715 428 3774 his
445 3713 578 3854 1partibus
601 3712 749 3785 contineri,
778 3709 906 3772 doctrina
925 3709 1029 3770 Christi
1057 3717 1086 3770 et
1103 3709 1194 3781 iactis,

84 3799 222 3872 quatenus
238 3813 297 3854 non
316 3799 428 3856 tantum
456 3793 613 3874 egatioucm
631 3788 751 3850 aPatue
769 3789 822 3849 sibi
838 3789 1001 3850 mandatam
1023 3787 1139 3869 pertulit
1157 3787 1194 3846 ad

83 3869 225 3945 homines,
248 3871 298 3932 sed
316 3891 348 3932 re
367 3873 430 3953 ipsa
447 3869 597 3954 praestitit,
616 3887 800 3949 quaeeunque
822 3885 840 3928 a
863 3867 964 3928 Messio
987 3868 1091 3947 requiri
1113 3870 1194 3948 pote·

82 3955 156 4010 rant.
194 3947 324 4032 Regnum
343 3969 428 4010 snum
451 3950 609 4028 auspicatus
630 3955 688 4023 est,
712 3945 849 4006 sacrificio
873 3965 926 4008 auo
945 3944 1039 4006 Deum
1061 3942 1193 4026 placavit,

82 4028 217 4109 sangnine
240 4029 359 4110 proprio
382 4029 508 4110 expiavit
530 4026 676 4086 hominum
785 4031 828 4098 ta,
851 4023 993 4086 diabolum
1016 4031 1208 4104 mortemque¹

82 4107 206 4202 mbepit,
224 4108 348 4168 reatituit
365 4127 420 4170 noa
437 4107 466 4168 in
485 4125 582 4166 veram
600 4105 699 4164 liberta
710 4123 769 4176 em,
792 4103 926 4163 iustitiam
944 4101 1025 4164 nobis
1049 4103 1194 4183 vitamque

82 4187 237 4265 acqmaivit.
276 4185 373 4266 Atque
392 4193 425 4247 nt
442 4192 534 4246 ratum
552 4191 633 4257 esset,
653 4181 787 4262 quicquid
805 4183 889 4262 gessit
907 4201 941 4242 ae
954 4181 1033 4256 dixit,
1050 4181 1194 4244 miraculis

83 4283 114 4324 se
131 4263 329 4345 comprobavit
347 4263 409 4324 Dei·
421 4263 520 4324 filium.
559 4261 600 4322 lta
618 4261 790 4344 heasecan
809 4259 996 4320 admiratura
1015 4281 1130 4343 quoquc
1144 4279 1193 4320 aar·

83 4345 220 4410 tenditur:
240 4363 339 4404 verum
361 4343 396 4428 ad
414 4363 447 4402 ea
466 4341 527 4402 sola
545 4339 672 4422 restringi
690 4359 748 4402 uon
767 4336 857 4400 debet.
886 4337 960 4402 Hinc
972 4341 1192 4412 sourdement,

120 4437 225 4480 catvtm
238 4436 261 4479 ἰι
274 4437 330 4480 tter.
344 4437 402 4479 'reat
416 4439 476 4480 τοι.
489 4436 526 4478 tv.
867 4422 885 4480 1
