2754 4864
426 283 431 300 ,
514 219 643 285 orror
661 221 743 283 vnn
1112 223 1168 287 m
1215 187 1217 192 ’

91 337 195 400 ratione
213 335 345 396 emotus
365 337 511 402 seelestam
531 337 655 398 hominm
678 343 797 399 suorum
816 337 1053 421 oonspirationem
1072 357 1169 404 mmu-

68 441 115 480 um
132 419 309 499 impietatum*
324 418 451 476 omnium
471 437 533 478 esse
552 417 694 478 admonet

130 502 176 562 53.
195 515 198 524 '
218 503 278 572 Qut
302 505 455 575 accepistis
472 500 517 558 1ae
539 521 592 558 em.
631 497 768 558 Furorem
815 516 852 556 no
875 495 1012 557 ardebant
1034 497 1170 558 adversas

56 577 226 658 Stephanum
245 573 387 636 vocabant
405 577 498 636 zelum
559 579 711 658 gtu'quasi
729 517 872 658 ipsebegr

56 665 125 718 stata
151 658 220 718 alios
251 655 287 715 ad
316 656 436 714 eandem
457 657 650 721 ,deiectionem
678 659 843 738 impelleret.
888 653 970 716 Hono
999 657 1171 720 calumniam

56 757 140 876 §num
158 736 266 796 diluere
285 736 315 794 in
334 737 429 796 animo
448 733 576 810 haberet,
600 739 811 818 responsionem
835 755 916 795 suam
939 755 998 795 non
1018 737 1169 817 pertexuit.

864 577 887 636 ‘s
908 577 1037 636 desertor
1054 584 1084 637 et
1102 597 1171 658 epo·

56 835 151 956 titt
167 835 246 956 {tt
264 813 612 976 ttlltt‘tl'ttt
628 815 1172 978 ‘trt‘ttttlltttttttttt
1241 927 1244 930 -
1314 889 1316 894 ¹

56 983 148 1036 tentus
166 981 218 1035 est.
255 973 325 1048 Vos,
345 974 445 1054 inquit,
463 977 575 1035 mentiri
594 981 713 1050 condat,
732 995 822 1056 quum
841 973 992 1036 obtenditis
1011 973 1094 1054 Legis
1113 983 1172 1036 stu·

58 1057 148 1128 dium,
188 1073 252 1113 nam
270 1073 321 1112 vos
342 1054 497 1132 transgredi
516 1061 547 1114 et
564 1055 670 1136 violare
688 1074 747 1114 non
767 1055 895 1128 cessatis,
920 1073 954 1114 so
973 1055 1056 1115 siouti
1074 1057 1171 1136 proxi-

59 1137 113 1194 mis
132 1153 165 1193 ve
197 1135 222 1193 is
240 1133 423 1214 proditoriam
441 1132 511 1192 lusti
530 1134 644 1194 eaedem
662 1133 717 1194 illis
738 1133 846 1208 obiecit,
865 1135 905 1194 ita
923 1153 1000 1194 nuno
1019 1135 1176 1215 exprobrat

58 1213 242 1274 detentionem
261 1210 381 1292 alege.
420 1210 506 1273 Dioet
532 1214 671 1294 quispiam
696 1234 754 1273 non
779 1214 866 1274 levari
886 1211 1025 1294 Stephani
1048 1233 1173 1286 oausam,

60 1315 96 1354 eo
115 1292 189 1374 quod
207 1291 301 1351 ludaei
323 1291 354 1350 in
373 1289 478 1373 legem
502 1300 629 1374 pensent.
669 1291 785 1368 Verum,
804 1299 837 1352 nt
856 1291 989 1365 diximus,
1009 1290 1173 1388 Stephanus

59 1395 116 1434 non
134 1375 172 1432 ita
190 1392 239 1433 eos
260 1371 398 1450 obiurgat,
418 1373 499 1450 qnasi
517 1374 547 1431 in
566 1371 623 1432 boo
641 1373 754 1432 sardine
773 1371 1103 1445 suarertatnrdoiensro‚
1123 1372 1174 1434 ned

56 1473 93 1513 ne
112 1451 162 1512 sibi
177 1453 209 1510 in
227 1451 320 1511 lnltaoi
339 1451 469 1510 iaetantia
488 1451 625 1532 placeant
664 1450 715 1511 Sio
738 1453 813 1512 enim
837 1451 976 1511 tractandi
996 1458 1063 1511 sunt
1081 1451 1175 1532 hypo-

57 1533 150 1606 critae,
168 1531 218 1612 qui
237 1550 328 1612 quum
346 1548 446 1590 secure
456 1527 550 1592 Deum
570 1536 760 1605 contemnam,
779 1531 869 1591 videri
882 1532 1088 1591 tamenvolunt
1099 1550 1175 1592 aoer·

56 1613 120 1672 rimi
137 1611 241 1693 gloriae
265 1611 326 1669 eius
350 1609 482 1670 vindices.
531 1609 584 1669 Est
607 1611 692 1671 etiam
715 1611 762 1670 trie
784 1617 851 1692 apta
875 1611 1066 1691 antistrophe,
1096 1611 1175 1690 qnod

56 1693 180 1770 legema
203 1691 240 1749 ud
260 1709 291 1749 se
311 1689 467 1770 depositam
487 1689 628 1771 suscipere
647 1689 856 1765 simulaverant,
876 1709 950 1770 quae
964 1688 1105 1751 tamenab
1119 1689 1176 1755 illis
1249 1742 1254 1752 .

56 1777 169 1830 sontum
197 1771 256 1829 'ose
275 1776 369 1850 spreta
387 1768 451 1830 luit.
1186 1803 1188 1806 ·

133 1853 174 1910 In
191 1847 428 1930 dispositionibus
446 1851 628 1931 engelmann.
657 1846 705 1908 Ad
719 1846 838 1916 verbum
852 1854 903 1921 est,
922 1857 955 1909 in
962 1849 1177 1930 dispositiones,

55 1929 108 1990 sed
126 1928 240 2010 perinde
260 1927 344 1988 volet.
369 1925 460 1988 Porro
475 1927 559 1988 buius
578 1927 644 1990 disti
662 1947 722 1988 non
742 1927 813 1988 alius
832 1929 971 2008 interpres
990 1927 1072 1988 nobis
1091 1948 1177 2008 qnae-

54 2007 160 2070 reudus
179 2015 222 2068 est
241 2025 328 2088 qnam
347 2005 469 2080 Paulus,
498 2009 548 2088 qui
574 2027 625 2087 per
648 2007 764 2088 angelos
783 2008 948 2088 dispositam
967 2007 1052 2066 luisse
1072 2005 1177 2086 Legem

54 2091 140 2149 doeet
159 2088 204 2149 vel
224 2089 380 2147 ordinatam
400 2085 476 2166 (Gal
487 2091 516 2160 3,
532 2089 602 2164 te).
641 2086 793 2167 Portioipio
813 2088 889 2146 enim
907 2086 966 2152 illio
983 2081 1082 2163 utitur,
1101 2085 1179 2145 nudo

52 2189 159 2229 nomen
178 2167 234 2228 boo
253 2166 406 2226 deductum
426 2173 478 2227 est.
516 2165 649 2247 intelligit
668 2173 763 2226 autern
782 2167 896 2248 angelos
916 2163 971 2224 Dei
991 2166 1178 2225 internuntios

54 2249 143 2309 tuisse
161 2253 300 2308 antestes
319 2247 348 2306 in
367 2245 443 2328 Lege
483 2246 681 2326 romniganda,
710 2252 743 2306 ut
766 2253 828 2306 rata
852 2253 882 2305 et
901 2243 1006 2304 stabilis
1025 2251 1100 2304 osset
1117 2245 1179 2305 eins

53 2329 217 2388 auotoritas.
247 2325 346 2404 Quum
366 2346 434 2407 ergo
477 2345 527 2384 eus
546 2326 662 2408 angelos
681 2326 762 2408 qnasi
781 2325 818 2384 ad
836 2325 981 2384 solennem
1001 2326 1185 2384 colmano-¹

53 2427 124 2468 nem
141 2407 329 2480 sdvomverit,
349 2425 439 2486 qnnm
449 2402 552 2487 legem
572 2425 655 2480 suam
664 2405 741 2466 dedit
750 2403 869 2477 ludaeis,
889 2405 973 2463 iidem
983 2403 1084 2484 angelii
1093 2409 1181 2464 testes

52 2505 159 2548 eorum
176 2485 307 2567 perfidiae
325 2485 412 2546 futuri
432 2492 507 2546 sunt.
546 2483 583 2545 Et
602 2486 658 2546 hoo
671 2486 788 2545 oonsilio
803 2483 967 2565 angelorum
981 2485 1108 2550 meminit
1116 2481 1181 2544 Ste-

81 2567 181 2639 banus,
199 2571 346 2626 uteorum
364 2566 433 2648 ipsis
452 2585 516 2626 reos
536 2572 652 2704 peragat
660 2563 788 2640 ludaeos,
808 2565 885 2646 quod
899 2565 1065 2644 transgressi
1074 2561 1181 2646 Legem

56 2588 172 2706 duerint.
210 2643 283 2706 Hine
302 2645 368 2706 solli
387 2665 436 2706 ere
455 2646 530 2719 lieet,
550 2649 599 2725 qui
637 2645 765 2705 inunum
785 2647 821 2704 sit
840 2641 985 2726 Evangelii
1005 2649 1180 2723 contempto-

56 2724 147 2801 ribus,
187 2724 244 2784 uod
262 2745 349 2806 supra
367 2667 473 2806 legem
492 2732 639 2806 tantopere
659 2725 780 2799 exoellit,
800 2730 833 2783 ut
846 2723 1181 2806 eins'gloriamquodam·

53 2805 152 2894 modo
165 2745 308 2867 bbssomet:
330 2805 568 2886 quemadmodum
587 2811 690 2866 traetm
709 2801 816 2866 Paulus
835 2801 870 2862 11.
892 2803 959 2866 Cor.
980 2805 1009 2868 3.

145 2962 200 3032 sl.
245 2960 346 3028 Porro
379 2960 458 3030 haee
489 2962 650 3030 audientes
677 2961 909 3031 dissecabantur
934 2961 1081 3028 cordibus
1109 2959 1184 3044 suis,

52 3067 282 3162 rependebant
303 3067 449 3136 dentibus
470 3069 504 3134 io
525 3069 642 3158 ipsum.
686 3067 739 3136 55.
772 3067 844 3158 lpse
872 3077 979 3136 autem
1001 3089 1101 3157 quum
1122 3065 1186 3156 ple

52 3197 119 3242 nus
147 3173 377 3264 essetSpiritu
405 3185 528 3256 sancto,
560 3172 699 3240 intentus
731 3173 764 3238 in
798 3171 923 3239 coelum
949 3173 1028 3240 vidit
1054 3169 1186 3263 gloriam

52 3281 132 3362 Dei,
154 3289 188 3347 et
207 3280 295 3348 lesus
318 3281 454 3347 stantem
476 3304 493 3345 a
517 3277 653 3345 dexteris
674 3275 749 3344 Dei:
776 3277 829 3348 56.
851 3277 894 3344 Et
914 3277 1008 3344 dixit:
1029 3275 1124 3358 Ecce,
1144 3275 1188 3340 vi—

51 3388 121 3454 deo
145 3383 252 3454 coelos
274 3395 409 3478 apertos,
430 3395 463 3453 et
478 3383 594 3452 Filium
615 3383 754 3468 hominis
776 3405 794 3450 a
816 3383 951 3451 dexteris
962 3381 1024 3451 Dei
1040 3391 1187 3452 stantem.

51 3491 110 3560 57.
146 3490 328 3562 Clamantes
355 3502 461 3561 antem
482 3513 562 3568 voce
584 3513 711 3581 magna,
743 3489 965 3557 continuerunt
991 3510 1083 3556 aures
1104 3508 1189 3569 suas,

49 3610 88 3669 et
110 3597 303 3668 unanimiter
323 3600 355 3666 io
378 3593 453 3667 eum
474 3597 636 3694 impetum!
651 3594 806 3678 iecerunt,
839 3597 892 3663 58.
914 3594 958 3664 Et
978 3594 1115 3662 eiectam
1136 3616 1190 3662 ex·

49 3715 104 3770 tra
127 3703 241 3773 urbem
262 3703 447 3796 lapidarunt.
563 3784 567 3794 .

139 3839 190 3902 54.
229 3837 392 3902 Aodtsntsi
410 3844 489 3900 tneo.
528 3837 642 3899 initium
666 3837 785 3899 notionis
809 3838 933 3918 aliquam
951 3837 1047 3898 indicii
1065 3834 1190 3918 speeiem

47 3917 194 3994 babebat,
219 3920 269 3979 sed
288 3921 403 3980 tandem
422 3919 530 3980 iudioes
549 3916 657 3978 rabiem
677 3937 758 3978 snam
777 3920 920 3979 continens
939 3923 1092 3999 nequeunt.
1130 3914 1190 3978 Ad·

46 3999 673 4142 tmtltltrtt‘ttatttttt
687 3993 1190 4139 ”biiiiiir‘iiridifflff

45 4159 173 4234 veniat,
203 4165 304 4238 postea
333 4163 462 4218 sanetum
485 4157 579 4216 virum
597 4118 641 4218 ’ad
664 4099 786 4218 mdrtem
808 4158 932 4218 trahunt.
971 4156 1076 4218 Priore
1095 4097 1191 4218 anffm
1231 4221 1233 4224 ,

43 4237 199 4318 exprimit
216 4235 323 4304 Laoas,
352 4243 459 4318 quanta
482 4237 582 4296 sitris
601 4234 728 4296 Satanae
746 4240 775 4296 in
800 4239 935 4318 agitandis
954 4236 1041 4298 Verbi
1061 4238 1190 4298 adversa-
