2838 4848
192 206 249 270 168
573 201 611 264 [Ν
630 199 919 268 EVANG.10ANN.

194 319 290 397 quitrrr
312 315 381 382 nitati
399 316 542 398 Evangelii
569 319 726 396 eogrdtione
750 334 811 378 esre
833 317 1015 398 praestantius
1037 317 1085 380 ret
1104 321 1195 399 magia
1206 339 1299 403 expe-

193 397 318 465 tendum,
365 396 536 457 servitutem
560 417 656 458 omnes
681 399 803 458 sentiunt
827 416 861 456 ae
878 397 1006 475 iateratnr¹
1017 416 1078 456 reru
1096 417 1159 460 nse
1178 400 1300 462 miserri-

67 469 75 488 ’
192 471 1074 633 ttt².r.tt.t¹’.t..”⁰ttvtttttttt‘ttdtttt
1082 475 1303 618 debitat?

192 639 237 696 tas
255 637 378 692 notatum
397 651 499 712 nempe
518 651 591 712 qaue
608 653 661 694 uos
682 632 840 704 a-Satanae,
859 633 966 712 petenti
984 637 1016 692 et
1033 635 1131 694 mur-tis
1148 637 1303 714 tyrannide

81 749 87 757 ·
193 710 369 794 manumittit.
399 707 509 788 Quodsi
527 731 590 771 eam
609 713 806 793 consequimur
822 709 969 792 Evangelii
987 709 1131 788 beneficio,
1147 715 1213 791 br'np
1231 735 1300 790 gon-

192 795 247 846 stat
265 791 370 866 peceati
388 809 440 848 nos
460 810 556 850 omnes
575 797 674 851 natura
698 809 795 850 servos
813 809 882 850 esse.
933 785 1023 854 Porro
1053 791 1135 856 simul
1162 795 1301 854 tenendus

191 873 234 925 est
252 865 422 928 liberationis
441 868 550 928 modus.
600 868 745 946 Quamdiu
762 869 836 928 enim
855 884 938 930 sensu
957 882 991 928 aa
1008 869 1039 928 in
1058 871 1121 930 enin
1140 880 1236 933 nostro
1254 881 1301 932 re·

190 946 291 1024 gimur‚
310 954 427 1026 peceato
444 966 541 1008 sumus
560 950 718 1028 marreipati.
745 945 842 1025 Quu'm
861 953 956 1010 antem
972 967 1029 1010 nos
1075 950 1186 1010 ominus
1194 949 1304 1030 Spiritu

191 1043 243 1082 suo
262 1032 416 1105 regenerat,
435 1025 519 1085 simul
537 1025 639 1088 liberos
658 1026 752 1102 efficit,
771 1034 803 1086 ut
820 1027 928 1096 miseris
946 1025 1070 1096 Satanae
1089 1029 1198 1108 laqueis
1217 1029 1302 1088 soluti

58 1147 64 1150 .
104 1173 106 1182 Ι
192 1109 291 1180 sponte
310 1103 429 1165 iustitiae
448 1104 616 1166 obediamus.
655 1105 694 1166 At
715 1106 744 1163 ui
762 1124 799 1164 ex
817 1105 873 1165 fide
892 1107 1077 1186 regeneratio:
1098 1105 1173 1181 unde
1186 1115 1304 1190 apparet

190 1199 228 1240 ex
247 1179 401 1262 Evangelio
419 1201 480 1243 esse
499 1183 674 1246 libertatem·
734 1190 783 1244 aut
800 1203 876 1244 unae
894 1177 1025 1267 Pupiniae
1043 1192 1074 1245 et
1092 1183 1211 1248 liberum
1230 1186 1302 1246 arbi-

190 1261 276 1318 trium
295 1260 418 1322 tastum
436 1263 584 1324 extollant:
603 1283 656 1326 nos
675 1269 769 1326 autem
787 1265 934 1329 marmus
948 1266 1079 1346 preptu'ae
1096 1264 1177 1332 nobis
1195 1267 1302 1328 οοιιωίἰ

191 1339 301 1406 nonnird
320 1339 432 1400 Christo
461 1340 607 1401 liberatore
630 1343 789 1422 gloriemur.
827 1341 900 1401 Nam
919 1350 949 1403 et
967 1342 1024 1403 boe
1040 1345 1154 1404 nomine
1171 1342 1301 1424 Evange-

190 1415 259 1474 lium
278 1419 358 1498 quast
376 1421 598 1480 manumissionis
617 1427 732 1502 nostrae
746 1417 868 1480 vindicta
891 1422 998 1482 censeri
1021 1419 1115 1499 debet,
1143 1422 1220 1502 qnod
1245 1443 1300 1482 nos

192 1493 312 1554 Christo·
323 1497 405 1556 oliert
423 1517 457 1557 ae
475 1499 560 1558 tradit
578 1518 595 1558 a
613 1499 721 1581 peceati
739 1500 805 1578 iugo
823 1499 991 1560 liberandos.
1029 1497 1175 1560 Postremo
1194 1500 1301 1574 etboe

190 1573 343 1642 notandum
362 1581 420 1652 est,
449 1575 602 1638 libertatem
631 1597 697 1638 suos
720 1575 823 1646 babere
842 1579 944 1660 gradus
963 1599 1015 1662 pro
1032 1577 1097 1640 fidei
1115 1597 1183 1658 suae
1201 1577 1300 1652 modo,

190 1670 278 1792 guatelrle
296 1651 401 1752 Paulus
419 1655 476 1716 iam
493 1657 680 1722 manumissus
705 1656 798 1724 adhue
816 1663 911 1726 umen
929 1658 1021 1744 gemit
1032 1657 1069 1720 ad
1087 1657 1199 1744 plenam
1216 1657 1300 1720 liber·

139 1765 149 1784 a
202 1749 219 1790 a
293 1753 339 1792 sus
360 1753 442 1798 ll'illlfl·

267 1813 315 1874 33.
339 1754 445 1876 boman
463 1819 607 1878 Atratino.
645 1817 787 1882 lnoemum
805 1826 862 1894 est,
891 1818 1040 1881 eosdemne
1058 1818 1106 1878 bie
1123 1816 1300 1898 Evangelista

190 1909 227 1950 an
246 1890 315 1950 alios
333 1891 479 1974 loquentes
497 1895 619 1956 inducat.
668 1897 692 1957 E
711 1919 729 1958 o
748 1901 788 1958 ita
807 1899 912 1974 sentio,
940 1905 972 1958 ut
991 1899 1020 1957 in
1038 1898 1198 1980 promiscua
1216 1893 1300 1955 turba

190 1967 249 2030 lieri
268 1971 349 2046 solet,
368 1971 484 2034 confuse
496 1974 669 2055 'responsum
687 1920 772 2038 luisse
782 1975 908 2038 Christo:
928 1983 957 2036 et
971 1975 1086 2056 quidem
1100 1981 1301 2112 amnteugrte

189 2046 264 2108 ribus
283 2052 376 2128 potins
396 2071 481 2134 quam
500 2052 535 2114 ab
554 2055 587 2113 iis
607 2056 657 2133 qui
677 2055 858 2116 crediderant.
897 2053 948 2115 Eat
967 2061 1060 2116 autem
1079 2053 1207 2114 hiemes
1249 2053 1301 2117 eri·

189 2133 287 2206 pturae
306 2127 387 2188 valde
407 2132 533 2206 usitatus,
574 2135 663 2193 uotiee
677 2133 990 2216 decarperepopulifit
1002 2135 1117 2206 mentio,
1136 2133 1302 2213 generabit&

188 2206 324 2266 ascribere
344 2208 471 2270 omnibus
491 2153 573 2290 quod
592 2213 622 2272 in
646 2231 731 2274 unam
751 2220 858 2293 partem
884 2219 993 2274 tautum
1016 2231 1080 2272 eom
1116 2215 1159 2272 tit.
1207 2210 1300 2270 Porro

188 2284 238 2364 qni
257 2303 287 2346 se
306 2285 440 2348 obiiciunt
459 2307 520 2349 esse
539 2309 636 2350 semen
652 2289 785 2354 Abrahae
805 2299 835 2352 et
852 2308 963 2372 semper
980 2290 1064 2354 fuisse
1095 2287 1198 2368 beros,
1217 2289 1302 2349 facile

149 2437 154 2448 ‚
188 2361 355 2444 colligebant
369 2387 406 2426 ex
416 2363 522 2428 Christi
540 2369 642 2446 verbis,
661 2369 714 2429 sibi
732 2369 888 2432 libertatem
907 2375 1039 2454 tanqrram
1057 2370 1145 2449 serris
1165 2369 1300 2449 promitti.

187 2439 252 2500 Hor.
269 2462 337 2501 vero
356 2445 428 2504 serre
447 2455 602 2528 nequeunt,
621 2468 658 2510 se
669 2450 809 2586 gropulum
829 2455 956 2510 sanetum
976 2449 1301 2513 etelectumiuserritn·

188 2523 245 2582 tem
274 2519 376 2588 addici.¹
416 2521 494 2602 Quid
516 2527 591 2586 enim
615 2547 668 2607 pro
688 2535 748 2587 erat
770 2527 884 2609 adoptio
907 2536 937 2588 et
954 2523 1054 2612 foedus
1072 2547 1132 2663 gun
1152 2545 1168 2586 a
1187 2527 1301 2621 reliquis

188 2596 315 2692 gentibus
339 2606 475 2684 segregati
498 2609 592 2677 erant,
621 2607 677 2683 nisiv
696 2603 748 2666 tilii
767 2605 823 2666 Dei
842 2607 1037 2682 censerentur?
1100 2625 1151 2686 rgo
1171 2607 1301 2664 batumum

189 2673 241 2770 aibr
259 2675 319 2736 fieri
338 2687 446 2819 guutggrt
465 2703 554 2822 qrgnum
573 2683 759 2822 ffli⁸.d¹lb?²¹³⁸
779 2687 859 2823 qgrasi
877 2683 1300 2824 agrentgcligrmaebgrgurgaagrlrosgg:

187 2760 279 2907 blitabre,
298 2755 387 2915 qbubn
405 2781 489 2899 tillia
508 2782 635 2921 oblrllssll
654 2783 1039 2925 basgeblsbbffltybeu‘imis,
1058 2785 1164 2904 ettmb
1173 2841 1300 2913 Romano

49 2923 56 2932 ’
187 2913 304 2992 imperio
323 2911 439 2976 subiecti
458 2917 509 2978 sub
529 2921 693 3000 gravissimo
713 2941 798 2982 onere
816 2918 958 2983 servitutis
978 2927 1128 3001 gemerent.
1158 2911 1300 2999 Hircqui-

187 2989 251 3050 dem
270 2991 540 3091 videri'promptum
559 3005 602 3058 est
621 3019 707 3080 quam
725 2999 841 3060 ridicula
860 3001 945 3060 inerit
963 3011 1063 3060 eorum
1097 2999 1219 3060 loriatio:
1239 3005 1301 3056 erat

187 3074 281 3129 tamen
309 3069 356 3132 bie
384 3073 484 3154 aliqms
508 3083 684 3169 praetextus,
714 3079 791 3158 quod
814 3079 911 3158 iniqua
929 3078 1053 3144 bostium
1071 3021 1224 3140 «luminario
1239 3084 1300 3140 uon

187 3145 314 3210 obstabat
332 3152 400 3232 quin
419 3154 480 3212 lure
498 3153 578 3214 bberi
597 3164 750 3220 manerent.
779 3157 836 3217 Sed
850 3159 923 3218 ineo
933 3158 1057 3240 primum
1067 3157 1204 3228 errabant,
1223 3155 1300 3235 quod

113 3251 118 3263 '
186 3229 498 3370 ltl.“.l²¹.¹.'iili..⁵l¹f
509 3233 762 3376 ttttttffit
780 3233 1302 3395 ldlib‘llssddiiiillbl}

186 3383 275 3461 gratia
293 3397 310 3442 a
330 3391 471 3447 communi
514 3391 744 3453 enerie'bumaui
756 3357 906 3454 'serviem
928 3395 1078 3452 eximitur?
1116 3392 1197 3453 Alter
1214 3393 1300 3450 eliam

185 3481 267 3520 emor
284 3464 376 3526 minus
395 3466 529 3527 tolerab'
546 3513 554 3542 ‚
574 3471 669 3556 quod'
711 3491 759 3535 um
778 3491 893 3554 prorsus
912 3472 1006 3530 essent
1014 3471 1173 3551 degeneres,
1189 3471 1299 3546 nenseri

185 3546 279 3601 tamen
299 3539 431 3610 volebant
449 3492 763 3626 mteranmmeblioa
783 3571 835 3610 nec
854 3549 1014 3631 cogitabant
1032 3551 1120 3608 solam
1139 3566 1199 3607 esse
1208 3543 1298 3626 Spiri-

185 3625 232 3678 tus
254 3625 500 3700 regenerationem,
523 3645 596 3708 quae
620 3630 756 3721 legitimos
775 3629 906 3690 Abrahae
924 3627 998 3690 tilios
1016 3627 1089 3687 sarit
1127 3623 1167 3686 At
1207 3625 1300 3684 ehoe

186 3699 314 3760 omnibus
334 3699 402 3760 sere
413 3703 531 3762 saeculis
550 3707 651 3764 vitium
669 3707 724 3766 init
741 3707 823 3766 uinris
842 3725 1006 3780 commune,
1030 3705 1167 3765 referteo
1207 3706 1300 3766 samis

185 3777 320 3856 originem
340 3781 560 3842 extraordinaria
579 3781 635 3842 Il'ei
655 3785 742 3844 dona:
762 3793 792 3844 et
810 3806 883 3865 quae
902 3787 938 3846 ed
957 3783 1030 3860 eorri
1064 3781 1148 3846 fldem
1168 3790 1300 3856 mimam

186 3855 307 3914 remedia
326 3857 436 3918 ooniert
453 3857 542 3935 Deua,
561 3867 678 3922 naturae
695 3863 840 3924 asertlrere.
878 3863 988 3924 Interea
1006 3865 1035 3922 ri
1054 3881 1133 3927 emus
1153 3869 1185 3921 ut
1195 3861 1301 3922 Christi

186 3932 304 4008 gretiam
324 3953 341 3993 a
360 3953 391 3994 se
411 3945 535 4014 arceant,
564 3941 725 4021 quicunque
742 3959 816 4004 vana
835 3941 1003 4004 eoniidenda
1021 3942 1110 4002 induti
1128 3940 1181 4002 eibi
1199 3943 1230 4000 in
1248 3960 1298 3998 sna

185 4014 260 4067 sone
280 4011 401 4090 placem
438 4013 527 4096 Atqui
551 4016 612 4078 iere
634 4019 663 4077 in
687 4027 787 4084 totum.
802 4018 939 4082 mundum
957 4027 1099 4102 gematur
1117 4019 1187 4080 baec
1205 4037 1299 4102 super·

184 4081 239 4161 bia,
259 4089 361 4150 utrix
380 4096 546 4158 centesimus
565 4097 685 4176 quisque
703 4117 734 4157 se
752 4097 809 4160 Dei
827 4101 915 4180 gratia
933 4097 1058 4180 indigere
1077 4101 1186 4160 sentiat.

262 4167 310 4228 34.
335 4171 393 4242 oar
408 4171 487 4248 feeit
500 4181 663 4254 ροοοαίιιιιι,
682 4185 734 4238 eto.
770 4177 976 4256 Argumentum
995 4197 1013 4237 a
1032 4179 1185 4240 contrariis.
1218 4173 1298 4238 Libe·

184 4259 231 4298 '⁰⁸
255 4259 286 4302 ⁸0
309 4243 463 4316 fallebam
492 4252 599 4329 peccati
622 4271 719 4312 servos
738 4271 799 4312 esse
817 4253 931 4332 probat,
960 4256 1027 4332 quia
1046 4257 1137 4315 earnis
1156 4253 1300 4314 desideriis

183 4321 335 4402 mancipati
364 4323 474 4384 meidue
497 4334 640 4411 perorat'
662 4329 766 4392 Mirum
784 4338 828 4392 est
845 4337 939 4396 autem
958 4349 1017 4394 uon
1036 4334 1165 4396 eenrinei
1184 4335 1300 4418 propria
