2786 4866
247 361 251 366 Ι
530 281 659 347 CAPUT
678 285 740 348 vlt.
1137 301 1197 366 115

66 407 147 468 Dens
167 421 219 484 per
235 405 331 460 totum
350 397 598 480 oritetndispersit,
618 402 686 463 dare
705 405 823 486 operam
843 406 985 483 convenit,
1004 409 1111 472 areum
1121 433 1195 496 puro

66 491 220 564 sancteque
240 478 361 540 colendo
381 478 601 556 sanctificemus,
623 501 808 564 quascunque
828 485 949 546 colimus
969 487 1108 570 regiones.

145 565 173 626 8.
213 563 304 620 Dedit
323 561 368 620 sto
380 559 496 640 foedos.
536 557 637 640 Quum
656 563 900 626 circumcisionem
918 567 1023 627 iatetm
1041 588 1104 632 esse
1124 571 1195 634 dlvi-

65 663 135 706 num
154 641 269 712 foedus,
290 637 461 698 calumniam
479 638 530 698 sibi
550 641 713 722 impositam
733 643 845 712 abunde
868 665 924 726 pur
942 653 985 722 at,
1011 649 1061 708 sed
1086 649 1195 714 interea

86 738 214 802 erperam
233 719 327 778 facere
346 717 466 778 ludaeos
483 720 614 795 ostendit,
634 723 707 782 siin
727 730 845 784 externo
865 667 997 802 symirolo
1010 729 1109 790 solutis
1125 751 1194 794 suco

64 805 178 863 mitium
204 805 338 860 statuant.
388 797 461 856 Nam
483 801 506 857 si
531 801 608 880 prius
628 811 747 862 vocatus
767 803 821 863 init
840 803 986 866 Abraham
1005 815 1035 868 et
1053 813 1195 890 promissa

64 887 126 944 eins
147 880 250 940 semini
266 885 343 938 terra
363 895 396 936 ac
416 879 571 958 redemptio
589 899 676 960 quarn
696 883 957 958 circumcideretur,
981 889 1049 947 satis
1074 898 1193 972 apparet

65 963 155 1020 totius
176 959 286 1040 generis
304 955 422 1038 gloriam
441 977 458 1015 a
475 960 686 1020 ciromnor'sione
706 965 822 1023 minime
905 965 980 1025 dere.
1026 965 1137 1030 Eodem
1162 977 1193 1032 et

66 1041 177 1102 Paulus
198 1044 362 1118 argumento
382 1037 471 1096 utitur
486 1037 521 1095 ad
541 1036 686 1098 Romanos
706 1041 739 1115 4,
761 1047 823 1104 11.ι
880 1063 927 1104 am
947 1065 1037 1124 quum
1057 1048 1193 1112 iustitiam

67 1123 98 1180 in
120 1119 267 1200 praeputio
286 1117 405 1196 adeptus
424 1118 460 1174 sit
475 1115 620 1178 Abraham
639 1125 669 1178 et
689 1117 753 1180 Deo
799 1122 931 1201 tacuerit,
960 1125 1031 1184 inde'
1046 1127 1191 1190 circumeo

69 1203 179 1259 sionem
199 1197 304 1276 colligit
324 1215 381 1254 non
401 1215 462 1255 csse
478 1197 598 1256 iustitiae
618 1215 741 1258 causam.
769 1143 907 1262 iidemm
926 1221 995 1284 ergo
1014 1201 1193 1294 Stephanum
1213 1214 1218 1222 '
1238 1264 1240 1270 .

69 1280 185 1338 minime
204 1295 303 1356 vagam
325 1281 354 1334 et
374 1275 488 1337 otiosan
508 1277 697 1358 narrationem
721 1285 831 1355 texere,
859 1281 1002 1362 quiahoc
1021 1285 1058 1345 ad
1077 1306 1192 1350 causam

69 1360 221 1438 plmimnm
241 1359 390 1428 intererat,
409 1361 441 1412 nt
460 1357 591 1416 momoria
610 1363 738 1418 tenerent
758 1357 867 1432 Iudaei,
888 1363 1034 1441 quomodo
1055 1384 1120 1426 cnm
1141 1389 1196 1450 pa-.
1219 1411 1222 1424 ,

67 1437 157 1497 tribus
177 1437 236 1496 suis
256 1434 381 1515 adoptati
395 1433 465 1494 aDc
499 1442 599 1495 essent.
618 1435 664 1497 Ao
683 1436 829 1518 probabile
848 1447 892 1498 est
912 1448 1066 1524 utrumque
1086 1446 1190 1506 diserte

64 1537 80 1576 a
101 1516 251 1596 Stephano
270 1513 357 1574 inisse
376 1533 448 1594 expr
489 1535 551 1574 um:
581 1516 659 1598 qnod
683 1519 795 1578 tametsi
821 1517 955 1579 divinitus
974 1523 1078 1583 tradito
1102 1524 1188 1586 inerit
1216 1528 1220 1550 ¹

63 1597 243 1658 circumcisio
264 1601 298 1654 ut
316 1596 422 1674 gratiae
441 1595 598 1672 spnbolum
617 1603 705 1672 esset,
736 1615 800 1657 carn
821 1603 915 1658 tamen
941 1601 1041 1662 ordine
1066 1609 1094 1663 et
1118 1611 1190 1664 tem·

86 1697 136 1736 ore
157 1675 274 1755 adoptio
294 1672 481 1754 praecesserit
522 1675 673 1734 Caeterum
693 1677 728 1736 de
750 1677 777 1734 ri
797 1683 827 1737 et
845 1685 948 1739 natura
968 1681 1190 1745 circumcisionis

61 1699 111 1816 dic
130 1755 245 1835 tongins
265 1754 399 1834 disputari
419 1771 526 1817 necesse
546 1773 603 1813 non
623 1761 675 1814 est
715 1753 838 1814 Tantum
858 1756 914 1818 hoc
932 1765 1074 1838 notemus,
1093 1762 1191 1826 Deum

62 1837 144 1916 prins
164 1833 298 1893 Abrahae
317 1832 477 1914 promitterd
496 1852 568 1914 qnae
586 1853 639 1914 per
658 1833 900 1895 circumcisionem
935 1831 1013 1899 ost'ea
1029 1841 1190 1919 coufirmat,

62 1921 96 1974 ut
115 1917 240 1973 'sciamus
260 1913 350 1994 signa,
369 1913 423 1972 nisi
443 1910 698 1994 praesunteverbo,
717 1933 792 1974 vana
811 1921 840 1974 et
859 1857 939 1976 nihii
959 1937 1030 1978 esse.
1050 1917 1189 1982 Notemns

60 1996 150 2054 etiarn
169 1995 199 2052 in
221 1995 336 2052 nomine
344 1992 479 2073 sortierit
495 1991 593 2051 utilem
613 1993 771 2054 doctrinam
791 1995 944 2056 contineri:
964 1995 1061 2059 Deum
1080 2001 1188 2062 scilicet
1289 2057 1296 2076 ,

49 2073 213 2133 nobiscnm
233 2075 262 2132 in
283 2066 589 2217 sacramentisnpacisci
608 2078 642 2132 ut
661 2091 788 2132 amorem
808 2093 875 2154 erga
894 2095 947 2136 nos
962 2096 1047 2136 sunm
1060 2073 1188 2140 testetur.

60 2153 179 2232 Quodsi
204 2171 303 2212 rerum
334 2158 391 2224 est,
420 2151 463 2232 pr'
490 2171 537 2210 run
561 2171 618 2210 non
644 2152 732 2212 modo
758 2159 892 2213 externae
917 2161 983 2216 srmt
1027 2157 1189 2220 roiessionis

56 2241 150 2294 notae
168 2234 244 2312 apud
264 2231 408 2304 hominos,
434 2224 483 2303 sed
502 2231 579 2290 intus
598 2249 697 2292 coram
715 2231 781 2292 Deo
801 2234 838 2294 ad
856 2232 924 2294 lidei
944 2255 998 2296 con
1081 2237 1189 2299 tionem

56 2313 169 2371 valent.
201 2311 327 2383 Deinde,
346 2330 403 2370 non
425 2311 516 2372 inaies
536 2317 601 2392 snut
620 2309 739 2392 figurae,
759 2314 825 2394 qnia
844 2311 936 2392 Dens,
957 2316 1007 2398 qui
1026 2335 1116 2377 verax
1135 2324 1188 2396 est,

55 2391 137 2451 nihil
158 2391 217 2450 illio
235 2391 338 2471 tigurat
359 2389 436 2470 quod
456 2373 510 2493 ”in
527 2397 661 2472 praestet.
784 2399 790 2410 '
1085 2397 1087 2402 '

156 2579 189 2648 a.
221 2578 263 2648 u
286 2556 705 2652 Pamaoehae'aemmnone
727 2585 821 2668 mos,
844 2583 1190 2677 nonannoeane
1292 2577 1298 2592 '

52 2689 97 2756 in
121 2686 310 2778 Aegyptum.
353 2687 429 2758 Erat
457 2701 559 2760 tomen
585 2688 676 2758 Dens
705 2713 779 2758 cnm
808 2689 878 2774 illo,
925 2693 976 2760 10.
1004 2691 1048 2761 Et
1076 2695 1190 2788 eripuit

50 2819 139 2864 curn
162 2817 203 2862 ex
226 2795 373 2863 omnibus
395 2793 607 2866 afflictionibus
630 2795 711 2864 eius:
734 2819 782 2864 ..ιο
808 2796 894 2864 dedit
924 2797 969 2866 illi
996 2799 1127 2892 gratiam
1156 2813 1190 2872 ct

48 2901 248 2994 sapientiam
271 2925 379 2976 coram
400 2902 576 2987 Pharaone,
589 2925 663 2996 rege
684 2901 830 2996 Aegypti,
851 2903 907 2994 qui
929 2907 1092 2976 constituit
1113 2931 1189 2978 eum

46 3008 237 3104 principem
258 3030 354 3099 super
375 3007 566 3102 Aegyptum,
588 3020 620 3077 ct
640 3019 741 3076 toturn
763 3011 896 3077 domurn
918 3031 1018 3078 suam.
1053 3015 1108 3082 11.
1129 3010 1190 3082 Ve-

44 3117 105 3186 nit
130 3125 237 3183 autem
260 3113 359 3182 fames
381 3137 477 3206 super
497 3114 594 3195 irtam
623 3123 738 3184 terram
760 3111 894 3208 Aegypti
922 3125 955 3184 et
981 3115 1125 3202 Canaan,
1157 3130 1191 3188 et

43 3219 188 3289 afflictio
210 3244 336 3312 magns:
357 3245 418 3289 nec
438 3233 539 3312 patres
561 3207 662 3288 nostri
682 3220 802 3289 victum
822 3220 1033 3290 inveniebant.
1072 3219 1190 3292 121t

40 3326 122 3396 cub
146 3336 252 3393 autem
272 3349 374 3418 quum
396 3326 541 3396 audiisset
569 3349 639 3395 esse
668 3327 701 3394 in
728 3327 874 3418 Aegypto
900 3325 1073 3412 frumenta,
1104 3327 1191 3398 mim't

36 3433 135 3503 illuc
165 3442 269 3523 patres
295 3443 424 3502 nostros
450 3433 593 3526 primum.
645 3433 698 3500 13.
732 3431 880 3500 Secundo
913 3443 1019 3502 autem
1052 3432 1207 3504 adventu.
1281 3495 1283 3510 .

34 3540 186 3632 agnitus
208 3539 266 3606 luit
286 3537 403 3631 loseph
424 3563 442 3607 a
465 3533 608 3608 iratribus
628 3539 704 3608 suis.
748 3535 791 3606 Et
811 3535 1121 3610 innotuitPharaoni
1140 3563 1191 3640 ge

34 3670 120 3716 nus
142 3645 243 3736 ipsius
264 3645 389 3738 loseph.
436 3641 487 3713 14.
510 3645 594 3714 Misit
614 3671 690 3739 ergo
711 3643 827 3736 loseph
848 3655 881 3712 et
894 3645 1046 3714 ‘evocavit
1066 3655 1190 3738 patrem

32 3773 158 3822 suum
184 3750 291 3836 hcob,
324 3763 482 3822 ettotam
509 3737 726 3846 cognationem
753 3759 843 3820 suam
865 3751 905 3818 ad
926 3752 1046 3818 animas
1068 3761 1191 3842 septua-

25 3859 145 3956 ginta
169 3858 315 3950 quinque.
348 3861 417 3954 pe.
439 3857 609 3930 Descendit
634 3871 740 3928 autem
768 3857 861 3926 Iacob
888 3857 922 3925 in
947 3856 1131 3948 Aegyptum
1157 3868 1191 3940 et
1265 3943 1269 3952 ἱ

23 3968 208 4040 mortuus
230 3976 279 4034 est
299 3965 383 4056 ipse,
414 3989 452 4034 ao
473 3977 575 4058 patres
596 3965 712 4049 nostri,
757 3965 808 4032 16.
836 3963 879 4032 Et
899 3961 1040 4058 trgnslati
1061 3961 1189 4030 suntin

19 4071 205 4146 sichem:
238 4081 271 4140 ct
302 4072 398 4164 positi
424 4073 557 4142 suntin
585 4065 745 4163 sepulcro,
777 4071 865 4162 quod
892 4079 1010 4140 emerat
1030 4065 1189 4152 Abraham

17 4177 162 4278 pretio
175 4179 304 4272 ,argenti
326 4203 345 4246 a
366 4178 438 4246 liliis
459 4177 594 4264 Hemor,
615 4179 670 4246 filii
691 4177 830 4250 Sicirem.

137 4305 168 4368 9.
208 4305 269 4367 laur
288 4307 418 4388 sequitur
441 4307 598 4368 maximnm
622 4305 760 4387 flagitium
784 4305 874 4388 gentis
896 4303 1080 4366 Ismeliticaer
1110 4296 1190 4382 quod

9 4384 146 4468 impia
165 4391 196 4446 ct
215 4386 322 4447 nefaria
341 4387 551 4468 conspiratione
570 4386 688 4446 tratrem
707 4387 857 4448 innoxium
869 4389 870 4394 ’
882 4383 1088 4468 oppresserint,
1114 4395 1189 4460 quas
1232 4395 1234 4400 ·
1254 4389 1257 4394 “

9 4463 251 4539 ηυάεἰίῐιιι
276 4473 379 4528 nanno
403 4467 546 4529 abhorret.
591 4465 652 4528 Nec
677 4471 808 4548 poterant
832 4467 965 4610 {ncipera
993 4461 1103 4536 ludaei,
1132 4455 1188 4537 pri·
