2716 4856
432 131 708 274 'scarorum
794 165 798 173 ’
985 131 991 144 ’
1068 192 1130 259 aas
1209 211 1211 222 ·

31 318 46 376 tr
71 315 131 376 eiras
148 306 306 394 praesentia
323 313 409 444 stopa
428 305 471 384 ila
482 307 776 385 taudio'oollaberetnr
788 320 889 382 eonem
898 303 980 384 fides.
998 303 1132 388 Regnum

31 397 67 454 tei
95 393 196 454 italum
217 395 339 448 vocatur
393 387 513 468 vangelii
541 384 687 462 doctriua,
712 403 786 480 quae
807 403 928 466 regnum
945 383 1002 454 Dei
1026 387 1057 449 in
1075 385 1132 450 boe

32 474 117 532 ruodo
135 469 250 530 inehoal
268 465 399 526 homines
418 465 580 526 renovando
599 465 629 526 in
648 467 798 544 imaginem
816 461 888 541 Dei,
907 465 997 526 donee
1016 466 1131 527 landem

31 575 42 612 r
61 553 156 612 ultima
174 545 379 608 resurrectione
399 547 581 624 compleatur.
1129 587 1133 600 .

89 633 135 692 26.
158 635 346 707 Quapropter
364 645 416 684 aaa
433 635 586 686 mester.
617 622 738 685 Perinde
756 621 832 686 valet
849 621 909 685 aosi
926 623 1052 696 rb'ximet,
1070 621 1133 684 Vos

31 709 123 792 ppello
140 695 241 782 iustos,
255 705 313 786 ‚vel
324 701 430 764 Coram
448 701 514 764 Deo
532 711 561 766 ei
579 705 625 773 Au
673 707 771 766 isam
787 711 915 766 rumor.
953 703 1017 764 lloe
1036 711 1133 766 antem

31 813 71 850 ou
90 781 152 849 tam⁴
167 779 235 846 iamt
253 804 306 845 ana
325 801 418 855 eausa,
438 803 524 863 quam
543 791 576 844 ui
595 806 612 844 o
645 785 680 844 cil
699 783 791 869 legem
807 783 908 844 maiori
918 780 1085 844 auctoritate
1100 783 1132 844 il-

31 873 49 930 is
73 865 258 950 praescribat:
273 863 418 924 ‘Continet
435 873 522 944 porr'o
540 863 590 924 bio'
606 861 686 924 locui
704 863 818 944 brevem
837 859 975 923 summam
994 865 1048 922 rite
1065 881 1132 1002 ppo·

31 967 106 1028 ‚eque
124 944 251 1016 doemdi,
269 950 300 1006 ei
316 943 542 1023 duotoreeipsos
561 942 719 1004 vehementi
736 961 892 1022 eereraqne
910 943 1053 1003 sanctione
1106 963 1133 1002 r·

31 1037 104 1102 atur,
126 1033 160 1086 ut
182 1027 213 1086 in
236 1042 319 1084 auum
341 1041 446 1082 monna
464 1025 591 1100 gnaviter
609 1023 781 1104 incumbant
821 1020 969 1102 Quaenam
989 1023 1074 1102 igitur
1084 1029 1131 1101 ¹te·

31 1107 107 1167 tenda
131 1110 174 1168 eet
191 1099 354 1162 Pastoribna
374 1101 492 1162 docendi
510 1105 601 1162 ratio?
624 1105 746 1186 primum
765 1121 825 1162 non
844 1122 897 1160 auo
916 1103 1035 1162 arbitrio
1051 1102 1132 1161 aesti-

31 1191 106 1260 nent,
135 1181 203 1264 qnid
222 1179 348 1262 proferre
366 1179 396 1239 in
415 1181 539 1241 medinm
558 1187 588 1242 et
607 1175 675 1261 qnid
694 1183 824 1242 omittere
844 1181 913 1241 utile
932 1182 983 1256 sit,
1012 1182 1062 1240 sed
1081 1181 1133 1242 uni

31 1266 80 1324 leo
102 1261 247 1324 arbitrium
270 1259 390 1327 einerei
408 1259 544 1321 delerant.
582 1260 624 1323 lta
643 1261 773 1322 bumania
792 1261 964 1322 commentis
978 1279 1036 1320 nou
1054 1267 1133 1341 pato·

31 1347 57 1404 it
83 1345 112 1404 in
135 1339 289 1410 Ecetesiam
312 1337 369 1400 Dei
401 1341 431 1400 iu
494 1359 556 1400 susa
591 1339 691 1400 deiude
719 1360 780 1400 non
806 1345 900 1400 sumet
930 1339 986 1398 site
1006 1341 1133 1422 mortalis

31 1443 100 1482 tomo
118 1418 283 1482 hortandae
301 1417 348 1477 vel
367 1422 436 1478 rnuti
447 1415 537 1478 undae
555 1417 616 1478 Scri
651 1435 716 1494 urae
735 1417 888 1491 audaciam,
908 1423 940 1478 ut
960 1415 1016 1477 hoo
1035 1417 1082 1477 vel
1100 1421 1133 1478 il·

31 1503 64 1562 nd
82 1500 176 1582 quoad
196 1500 290 1558 visum
308 1497 394 1556 fuerit
411 1497 524 1570 delibet,
539 1505 583 1578 'apr
635 1518 681 1557 am
700 1498 840 1573 obscuret,
859 1497 949 1556 multa
968 1499 1134 1578 supprimat,

31 1582 63 1642 ed
82 1577 218 1661 quioquid
236 1579 267 1636 in
285 1575 438 1655 Seripbaris
455 1575 627 1658 patefactam
646 1583 704 1648 eat,
723 1579 788 1638 beet
806 1578 961 1658 prudenter
978 1584 1009 1636 et
1027 1585 1134 1658 tempe·

31 1663 85 1720 live
108 1681 161 1741 pro
182 1655 376 1718 aedificatione
395 1656 507 1736 populi,
529 1656 692 1736 simpliciter
710 1662 803 1716 tamea
823 1662 852 1716 et
870 1657 931 1716 eine
949 1655 1015 1716 lueo
1034 1655 1136 1733 tradot',

31 1747 48 1798 o
66 1740 146 1800 decet
165 1737 258 1798 fidum
276 1741 306 1795 et
324 1736 475 1814 ingenuum
484 1733 541 1794 Dei
550 1735 737 1815 interpretem.
757 1733 938 1794 Prudentiam
949 1735 1135 1796 adhibendam

31 1838 75 1880 sse
100 1820 174 1879 dixi:
203 1816 270 1896 quia
294 1813 444 1909 spectanda
463 1819 507 1874 est
525 1831 584 1874 aem
621 1813 774 1887 rutilitas,
803 1813 890 1874 modo
909 1813 981 1874 absit
1001 1815 1135 1888 vafrities,

31 1919 44 1956 n
70 1918 127 1978 qua
149 1895 233 1956 mulii
257 1895 340 1953 nimra
359 1892 412 1954 sibi
430 1891 557 1988 planant,
606 1913 653 1952 um
676 1893 714 1952 ad
736 1910 802 1952 suas
821 1891 970 1954 methodos
989 1893 1136 1954 inlleetunt

31 1977 70 2037 )ei
89 1975 218 2046 verbum,
238 1979 267 2033 et
284 1971 492 2054 pbilosopbram
510 1973 606 2034 amolo
625 1991 710 2052 quum
730 1991 767 2032 ex
785 1969 939 2052 Evangelio
959 1978 988 2031 et
1006 1973 1063 2032 suis
1082 1971 1135 2052 fig·
1185 1975 1190 1985 ’

31 2058 118 2116 nentis
148 2055 270 2114 mixtam
299 2051 379 2112 nobis
402 2051 553 2123 lubricant,
581 2051 649 2132 quia
671 2051 778 2112 scilieet
800 2070 846 2111 ma
866 2051 889 2111 is
913 2049 1067 2131 plausibilis
1091 2057 1136 2112 est

31 2154 87 2194 tneo
113 2135 248 2194 mixtura.
285 2130 354 2192 lnde
383 2131 466 2192 nebia
483 2131 604 2192 liberum
623 2130 783 2206 arbitrium,
806 2072 873 2191 inde
891 2149 1008 2210 operum
1028 2131 1137 2208 merito,

31 2214 81 2274 nde
104 2211 298 2306 providentiae
320 2217 350 2270 et
422 2211 510 2272 initae
533 2209 677 2306 electionis
695 2197 831 2307 150inss
883 2209 933 2269 tio.
971 2207 1023 2305 dist
1040 2217 1136 2307 autern

31 2293 154 2432 tt⁰lt⁰
170 2290 518 2444 ,tffitrtittt
528 2289 833 2450 ri'iiii‘tiiiiii'i
850 2309 922 2430 nir
935 2308 1137 2450 titali:
1191 2346 1198 2360 ·

32 2452 109 2510 lulla
127 2449 203 2510 enim
220 2449 251 2508 in
269 2445 323 2508 hae
341 2449 400 2510 vila
418 2447 552 2524 eelamur,
572 2469 693 2530 quorum
712 2449 797 2530 plena
810 2448 995 2510 manifestatio
1011 2447 1138 2510 differtur

32 2531 54 2590 d
78 2549 148 2589 eum
172 2545 262 2606 nsque
285 2527 373 2604 diem,
402 2547 460 2610 quo
478 2526 575 2589 Deum
599 2529 682 2590 sicuti
700 2536 757 2604 est,
781 2529 853 2590 faeie
875 2527 912 2588 ad
936 2527 1037 2587 faciem
1055 2531 1138 2590 novis

32 2608 108 2670 aculis
127 2605 292 2667 videbimus.
329 2605 386 2668 Dei
404 2629 472 2690 ergo
490 2609 666 2670 voluntatem
684 2611 832 2670 anuntiant
850 2607 901 2688 qni
918 2605 1040 2668 fideliter
1057 2627 1137 2668 enar·

32 2695 84 2748 *ant
106 2687 297 2768 scripturam,
325 2706 359 2747 ao
380 2688 446 2750 inde
508 2689 608 2770 pulum
631 2688 661 2748 in
679 2687 749 2762 fide,
772 2691 801 2750 in
826 2689 929 2750 timore
947 2683 1080 2762 Domini,
1108 2693 1138 2750 ei

32 2766 152 2828 mnibus
195 2767 285 2828 ietatis
307 2769 447 2828 exercitiis
470 2769 629 2830 matituuni.
668 2763 915 2848 Quemadmodum
934 2773 1029 2828 autem
1047 2787 1139 2850 nuper

33 2849 151 2920 linimus,
171 2787 223 2906 dae
242 2848 378 2907 sententia
401 2845 527 2930 damnari
545 2867 604 2922 eos,
624 2847 674 2928 qni
692 2847 885 2930 pbilosophioe
904 2845 1082 2928 disputando,
1101 2867 1139 2910 ue

33 2927 88 3008 [uid
107 2933 248 2986 remotum
270 2925 383 2986 badant
401 2945 418 2986 o
437 2927 580 2988 communi
599 2925 747 2991 bominum
765 2947 850 2989 senso
868 2945 903 2988 ao
921 2927 1040 3008 proinde
1059 2927 1138 2988 odio·

34 3027 91 3080 um,
111 3005 274 3085 scripturae
313 3007 443 3065 mitatem
462 3005 603 3066 fermentis
623 3005 681 3067 suis
701 3013 897 3088 corrumpunt,
916 3007 956 3065 ita
970 3007 1138 3086 graviterin

33 3107 67 3146 os
86 3085 226 3143 fulminat
235 3081 277 3142 Pa
309 3103 350 3158 us,
370 3085 420 3164 qui
439 3090 517 3146 metu
535 3084 627 3145 erucis
646 3089 675 3144 et
693 3087 943 3166 persequutionnm
957 3085 1141 3165 aenigmatioa

33 3171 129 3224 uotum
146 3163 311 3242 loquuntur.
467 3181 468 3184 ¹

98 3243 236 3301 Morantur
253 3263 319 3300 nun
337 3263 358 3301 o
375 3249 529 3324 unguine.
567 3238 635 3302 Non
659 3239 757 3303 dubito
782 3243 850 3324 quin
868 3240 905 3302 ad
923 3239 1078 3304 Eeeobielis
1096 3231 1141 3302 io·

34 3341 86 3382 um
107 3323 155 3396 (3,
194 3323 222 3398 Q.
241 3321 496 3400 intremuerit,
523 3317 572 3380 nbi
591 3319 672 3382 Dens
694 3317 967 3402 prophanorum,
991 3321 1046 3382 nisi
1064 3321 1139 3382 bona

34 3401 76 3460 lde
96 3398 178 3458 borta
191 3419 225 3458 ns
243 3399 280 3458 ait
298 3399 400 3480 impios
418 3397 456 3460 ad
473 3401 684 3480 poenitentiam,
702 3419 783 3462 reum
802 3401 863 3460 iore
880 3401 1023 3480 sanguinis
1033 3401 1138 3462 denun-

34 3483 84 3539 iat:
109 3497 176 3538 nam
200 3475 254 3538 bae
272 3477 334 3558 lege
352 3479 480 3560 pastores
497 3477 639 3546 Ecclesiae
657 3499 724 3542 suae
743 3479 884 3564 praeficit,
907 3486 940 3540 ut
958 3481 984 3540 ai
1003 3480 1071 3562 quid
1090 3501 1139 3563 pe·

34 3563 57 3618 it
76 3578 177 3618 eormn
195 3557 372 3638 negligentia,
390 3560 462 3620 ratio
480 3555 516 3618 ab
535 3559 603 3640 ipris
622 3563 798 3641 reposcatur:
817 3560 873 3620 imo
887 3559 941 3620 nisi
955 3557 1139 3640 absqueluee

35 3647 49 3698 t
68 3637 231 3718 ambagibus
260 3639 411 3700 ostendant
427 3638 525 3706 salutis
553 3641 643 3713 siam,
672 3647 703 3700 ut
725 3639 780 3700 iliis
803 3640 958 3721 imputetur
986 3643 1139 3704 errantium

35 3720 157 3777 nteritus.
185 3713 297 3812 'Valde
329 3724 424 3780 autem
456 3717 585 3814 stupidos
613 3739 674 3784 esee
704 3725 830 3815 oportet,
863 3715 969 3814 quibus
994 3725 1138 3815 torporem

35 3795 1139 3973 tranauit‘transmittentiumalitum

35 3955 113 4013 tenda
137 3959 180 4012 tot
203 3955 380 4034 pereuntium
404 3957 561 4018 animarum
580 3964 687 4018 rotrone
706 3955 879 4040 nihiloplns
898 3957 1032 4036 rogitant,
1052 3975 1139 4038 quam
1211 3981 1214 3988 ¹

36 4037 43 4094 i
69 4031 165 4092 nullus
189 4033 299 4092 sederet
316 4035 346 4094 in
365 4037 446 4096 coelo
464 4036 567 4111 ludex,
596 4057 649 4097 nae
672 4037 765 4096 minus
784 4036 882 4118 putida
906 4041 1068 4111 astrorum
1086 4037 1137 4098 im-
1178 4073 1181 4084 ›

36 4113 146 4174 nobitas
165 4129 261 4172 eoram
276 4117 341 4198 toto
359 4115 479 4191 mnodo,
499 4117 576 4196 qnod
595 4114 780 4198 deglutiendis
799 4123 908 4176 tantum
923 4115 1024 4178 oribus
1036 4113 1138 4181 ¹intenti

36 4195 170 4253 'aetorum
189 4212 294 4254 nomen
312 4201 456 4274 usurpant.
486 4193 575 4258 Porro
594 4216 681 4278 quam
701 4195 900 4273 earaababeat
919 4197 1025 4274 animas
1043 4204 1137 4273 pateu-

36 4273 60 4330 it
78 4271 234 4352 Dominus,
263 4279 324 4336 un
348 4263 686 4372 atroeee1dei'aatorum
710 4275 821 4358 ignem
839 4295 945 4358 poenus
965 4277 1080 4360 exigens
1099 4273 1137 4360 ob
