2742 4856
153 151 213 218 en
407 91 408 96 Ν
544 140 585 206 ιιι
603 139 709 214 ιοιι,
726 135 861 206 aroer

153 279 334 408 mappa
353 261 447 323 minut
465 257 633 356 amabilia
652 263 753 341 postea
771 254 834 332 tuit,
852 243 1291 338 qomeoennroestim

237 423 266 486 6.
289 427 387 496 went
403 425 637 501 pertranatasent.
657 413 1185 514 Grediblloeatooncarnisaepmrsna
1194 417 1296 478 fructu

19 541 20 544 =
155 501 233 564 huuc
250 501 411 570 transitum,
429 504 460 560 et
476 504 552 560 certe
569 515 627 558 non
645 491 880 557 nonnotLucos
899 495 936 555 de
952 497 1069 575 gereret
1131 497 1218 556 ulsa:
1240 497 1295 557 sed

156 583 225 643 satis
243 579 344 640 babuit
362 578 468 652 dicere,
493 595 553 636 non
575 576 660 636 luisse
678 577 710 636 in
728 575 828 634 itinere
846 573 882 633 alt
903 573 999 634 officio
1018 575 1103 636 doceo
1123 579 1131 592 “
1152 577 1292 652 feriatos

157 661 195 722 ed
213 659 363 754 historiam·
379 655 592 754 rpemprabilerp
610 657 765 751 properans
784 671 870 750 quam
889 673 962 714 mox
980 655 1109 715 nunbit
1127 653 1291 718 Caeterum

157 735 667 898 edittlulttlltll
678 731 856 872 'lint
870 731 1292 894 ilfflioiffissil‘.

160 899 218 962 tuit
236 896 274 958 ad
292 893 367 956 latos
386 895 558 977 oppositum.
578 891 652 953 Nam
686 891 776 1032 aplius
794 889 863 950 urbs
881 893 1024 952 maritima
1043 899 1109 952 erat
1127 911 1296 953 renuam

157 976 268 1039 ridicu.
287 974 379 1036 Porro
398 993 489 1055 quom
507 977 568 1034 tota
586 972 678 1032 insula
724 971 800 1032 enari
818 989 899 1030 raom
916 978 1002 1036 essa,
1021 973 1182 1052 praecipua
1199 979 1296 1032 tamm

159 1056 230 1118 idoli
248 1055 329 1115 sedes
347 1060 407 1114 erat
426 1051 551 1134 Paphus,
570 1071 629 1132 quo
648 1069 696 1111 ma
715 1051 722 1066 ¹
757 1048 921 1110 admiranda
939 1048 1053 1110 estDei
1073 1049 1201 1126 bonitas,
1219 1050 1297 1130 quod

159 1133 308 1216 Evangelii
333 1134 377 1192 sui
400 1132 493 1192 lucem
518 1131 548 1190 in
567 1137 628 1190 tam
647 1129 694 1190 loe
714 1148 761 1189 am
778 1147 812 1188 ac
830 1135 934 1198 tetram
954 1129 1124 1268 speluncam
1142 1135 1298 1210 penetrare

160 1215 294 1280 voluerit
313 1210 415 1291 Qualis
434 1212 510 1272 enirn
530 1211 691 1290 integritas,
710 1216 740 1270 et
758 1209 902 1290 pudicitie,
921 1215 953 1270 et
991 1215 1115 1282 mestas,
1135 1216 1169 1269 et
1188 1215 1297 1290 tempe

160 1293 251 1357 ranh’a
269 1293 300 1352 in
318 1310 353 1352 ea
372 1288 442 1350 urbe
460 1288 599 1368 viguerit,
622 1289 763 1374 coniicere
780 1286 845 1348 iude
865 1288 946 1364 licet,
1010 1286 1045 1348 od
1064 1289 1169 1369 religio
1188 1289 1296 1350 ineolis

162 1390 302 1434 summam
321 1368 358 1429 ed
377 1368 494 1448 quaevis
534 1365 618 1428 robra
637 1373 668 1426 et
686 1367 791 1448 flagitia
808 1367 954 1430 licentiam
1039 1376 1061 1428 t.

240 1453 418 1510 lomet
432 1388 717 1588 ,nt-{proptelm
735 1447 887 1530 quendum.
907 1445 1008 1524 Quum
1025 1465 1140 1528 prorsus
1155 1445 1292 1528 apudlu-

161 1528 248 1590 daeoa
267 1533 401 1608 corrupta
419 1533 496 1586 esset
556 1527 621 1606 ’gio
639 1544 699 1586 nou
717 1529 821 1588 mirum
839 1532 897 1600 est,
916 1528 941 1586 si
959 1526 997 1586 ad
1015 1527 1120 1586 mullas
1132 1528 1236 1607 impin
1245 1545 1295 1586 su·

227 1607 340 1668 titiones
359 1605 421 1668 dela
443 1607 467 1666 si
485 1606 551 1666 siut
571 1603 672 1683 Quom
692 1609 787 1667 autem
806 1605 943 1667 hacteuus
972 1601 1074 1666 roiessi
1084 1612 1191 1678 esunt,
1208 1625 1297 1688 peen-

175 1687 182 1704 ‘
233 1705 263 1747 ιιι
282 1704 313 1746 se
333 1625 475 1766 quensssm
484 1682 581 1746 Deum
600 1683 703 1758 colere,
722 1685 865 1766 speciosus
884 1684 932 1745 hio
950 1626 1006 1746 fuit
1023 1685 1063 1746 ad
1082 1685 1299 1746 fallendumeo·

163 1767 224 1841 lor,
252 1785 342 1846 quum
364 1766 456 1846 ignoti
474 1763 531 1826 Dei
555 1782 660 1826 nomen
682 1763 800 1824 licenter
818 1769 1024 1846 praetexermt,
1044 1764 1098 1824 sed
1117 1763 1176 1824 hoc
1194 1766 1299 1826 mirum

164 1841 1298 2004 ertffiffitnletelenlnnltem

162 2004 331 2088 praesndm
350 2022 420 2064 varo
439 2003 516 2086 apud
535 2001 680 2069 Romanoa
699 2021 756 2062 una
775 2021 841 2062 carm
861 2003 928 2063 odio
947 2009 1097 2065 exuemus
1116 2011 1181 2064 erat
1197 2005 1299 2063 eornm

165 2089 355 2164 contemptus.
394 2079 455 2143 lam
479 2081 569 2143 Lucos
592 2101 651 2144 non
675 2082 735 2142 sine
759 2100 845 2142 mosa
869 2081 961 2164 Sergii
984 2082 1169 2163 prudentiam
1194 2083 1299 2142 diserte

153 2162 356 2236 'commendet
374 2179 412 2222 no
431 2163 495 2243 quia
513 2161 659 2222 stultitiam
678 2162 738 2221 eins
758 2179 792 2222 oc
809 2161 954 2222 levitatem
972 2167 1058 2243 putet
1144 2163 1297 2243 impostu-

165 2243 207 2302 ris
225 2241 311 2302 foisse
331 2239 493 2302 obnoxiant
512 2239 611 2302 Voluit
629 2240 735 2302 scilieet
752 2243 784 2302 in
802 2241 913 2302 claros
997 2256 1016 2301 o
1204 2260 1299 2321 quam

166 2320 286 2382 evanida
305 2321 341 2382 ait
359 2326 390 2381 et
407 2321 487 2382 nihili
507 2323 599 2384 cerdo
618 2319 776 2402 prudentia,
795 2339 868 2401 qnae
887 2341 911 2380 ar
930 2323 941 2380 i
960 2327 1048 2391 anm
1064 2319 1300 2382 messinam

166 2399 284 2461 mneos
303 2417 404 2460 cavera
423 2401 529 2480 nequit
557 2397 596 2460 Et
614 2407 691 2461 ocrto
709 2397 757 2458 ubi
776 2421 835 2460 non
854 2399 931 2461 lucet
949 2397 1006 2461 Dei
1025 2402 1143 2475 veritas,
1160 2421 1220 2480 quo
1239 2421 1301 2460 mn-

168 2480 211 2562 ⁸³⁸
230 2478 358 2538 homines
368 2497 468 2560 sapere
477 2479 618 2556 videntur,
636 2499 672 2540 eo
681 2479 791 2560 turpius
801 2480 957 2560 desipiunt:
976 2480 1109 2541 videmus
1119 2479 1302 2561 musaeu

168 2557 399 2638 superstitionum
418 2557 545 2638 prodigia
562 2560 592 2619 iu
611 2557 740 2638 gent'bua
757 2561 881 2623 maxime
899 2561 989 2624 acutis
1006 2566 1037 2620 et
1056 2561 1138 2621 omui
1158 2560 1304 2622 doctrim
1357 2599 1358 2606 ι

167 2653 269 2714 genere
295 2635 415 2694 adultis
435 2644 560 2722 gmssata
579 2639 649 2698 sint:
669 2655 736 2720 ergo
756 2657 808 2699 nec
826 2637 976 2714 iudicium,
999 2659 1055 2700 nec
1073 2639 1232 2722 prudentia
1250 2641 1301 2700 uisi

169 2730 187 2772 a
206 2711 265 2772 Dei
283 2711 400 2792 Spiritu.
429 2713 526 2794 Atque
544 2716 616 2776 haec
635 2719 709 2778 iusta
727 2716 784 2778 Dei
802 2719 873 2778 ultio
893 2725 937 2778 est
955 2720 986 2778 iu
1005 2737 1107 2778 omnes
1126 2719 1302 2792 idololatrae

168 2796 203 2850 ut
221 2790 251 2850 in
260 2789 413 2870 reprobum
422 2811 537 2854 sensnm
549 2797 644 2857 traditi
654 2797 723 2856 nihil
736 2797 901 2858 discernunt.
921 2795 1005 2858 llour.
1016 2803 1046 2874 1,
1055 2801 1105 2860 28.
1126 2795 1217 2877 Quen
1356 2835 1357 2849 ι

168 2869 232 2966 lieri
250 2875 354 2966 polest,
373 2877 407 2930 ut
425 2880 556 2937 veterum
573 2877 805 2957 superstitionum
824 2875 919 2938 taedio
937 2875 1176 2958 Sergiusl’aulus
1195 2818 1302 2960 «implen

168 2967 274 3010 noram
292 2947 350 3009 Der
368 2951 477 3012 cultum
496 2955 554 3015 iarn
573 2962 642 3016 tuuc
660 2975 691 3016 as
712 2957 834 3032 iranerit,
855 2957 1063 3038 quum.incidit
1082 2958 1114 3018 io
1274 2959 1303 3016 d-

168 3027 244 3089 llam:
264 3029 368 3126 qnodd
386 3033 546 3113 recipimus,
566 2972 711 3096 admirabfi
1133 2977 1302 3098 Ἥπιι

168 3127 237 3169 nem
259 3129 309 3190 pro
329 3110 465 3172 desiderio
485 3114 620 3175 allodum
639 3133 739 3195 passos
758 3117 844 3176 sitin
864 3115 991 3177 exitiales
1010 3116 1139 3177 Satanae
1160 3118 1302 3199 decipulas

168 3205 201 3248 se
220 3189 367 3269 prolicere.
387 3189 445 3252 Sed
464 3193 570 3255 electos
589 3213 657 3256 suos
675 3194 816 3256 interdum
835 3193 966 3270 siclloua
975 3201 1102 3271 exercet,
1120 3203 1158 3256 ut
1169 3199 1303 3258 dremne

70 3279 73 3294 ¹
168 3273 218 3346 gat
237 3287 289 3349 par
307 3270 403 3330 varios
422 3263 541 3344 erronea,
560 3280 713 3354 antequam
732 3274 762 3334 iu
782 3275 859 3334 viam
878 3273 1045 3372 dirigantur.
1354 3319 1355 3323 ,

248 3349 278 3410 7.
299 3345 388 3426 Quod
408 3357 503 3412 autern
522 3351 638 3433 Sergius
656 3351 764 3412 Paulos
783 3354 885 3414 melius
909 3354 1017 3434 ahquid
1037 3361 1197 3436 appetens,
1222 3375 1304 3438 quau

170 3426 250 3506 quod
272 3445 290 3487 a
309 3429 429 3506 pueritia
451 3430 599 3508 didicerat,
627 3433 775 3492 infeliciter
796 3433 833 3492 ad
859 3433 985 3494 diversas
1008 3437 1235 3514 superstitiones
1253 3445 1303 3496 tra

169 3511 234 3564 otus
253 3503 352 3580 fuerit,
377 3507 443 3568 inde
462 3510 593 3586 coniicio,
613 3511 690 3591 qnod
710 3511 832 3572 Paulum
851 3519 881 3572 et
899 3510 1062 3574 Bernabam
1081 3513 1165 3575 ultro
1185 3515 1245 3576 sibi
1264 3533 1303 3575 ao
1353 3529 1354 3559 ἱ

170 3584 257 3644 cernit
274 3587 436 3665 magistr-osa
456 3589 598 3669 quandam
618 3610 687 3671 ergo
705 3593 766 3652 reri
786 3588 842 3651 Dei
861 3591 929 3652 lieet
947 3591 1043 3653 adhue
1060 3595 1072 3653 i
1111 3595 1157 3654 oti
1173 3613 1303 3656 sem

168 3663 240 3722 lirun
259 3673 436 3745 conceperat,
455 3673 484 3727 et
502 3687 592 3748 quum
611 3689 761 3750 persuasos
780 3675 856 3731 essct
873 3689 974 3732 vuum
993 3691 1056 3732 esse
1126 3694 1187 3749 um,
1208 3677 1261 3756 qui

170 3739 275 3804 Iudaea
299 3743 458 3820 colebatur,
487 3747 619 3827 cupiebat
638 3769 675 3810 ex
699 3752 760 3810 eius
783 3749 872 3810 verbo
891 3769 993 3831 puram
1012 3759 1044 3812 et
1063 3759 1173 3814 eneam
1195 3755 1302 3835 pietatis
1352 3755 1353 3795 l

169 3821 297 3899 regulam
316 3843 500 3905 cognoscere,
520 3828 638 3906 gustetis
692 3829 923 3911 endoproplretee
941 3829 1047 3890 deliriis
1066 3851 1230 3914 suspensus
1244 3834 1302 3894 liat·

169 3904 222 3956 ret.
251 3897 314 3960 Nec
331 3903 448 3964 dubium
467 3911 520 3978 est,
539 3907 609 3986 quin
628 3927 662 3967 ao
685 3910 760 3970 'citet
779 3909 861 3969 Dona
879 3909 941 3971 eius
958 3911 1098 3986 animum,
1118 3932 1159 3972 ne
1177 3915 1213 3973 iu
1232 3914 1303 3972 reni

167 3979 364 4114 muamus
382 3984 557 4123 '‘tetffim'
580 3989 712 4065 quarum
731 4007 763 4050 se
781 3989 818 4050 ad
837 3995 951 4070 tempus
969 3987 1082 4050 homiui
1098 3992 1240 4074 improbo
1259 3991 1303 4052 lal-
1351 4017 1352 4033 ι

249 4132 279 4192 8·
298 4137 437 4201 Avertere
453 4145 666 4208 Proconaalona
683 4149 790 4226 erfida.
809 4143 877 4208 Non
895 4148 1070 4227 mirmur,
1101 4149 1304 4214 silucerm

170 4201 279 4343 pellere
302 4222 422 4306 opor
444 4224 598 4302 impostor,
621 4243 679 4306 qu·
697 4225 813 4288 noent
830 4225 961 4290 onom
980 4243 1048 4290 sun
1067 4227 1188 4292 down
1228 4231 1305 4292 rom
1350 4213 1351 4269 l

191 4279 256 4342 ⁰⁶¹⁰
283 4287 365 4350 ”⁰¹³ss
396 4303 539 4362 conamen
562 4310 607 4364 ert
630 4323 697 4366 eum
719 4307 874 4372 tunneto
891 4305 1012 4385 ntum,
1042 4309 1095 4392 qui
1114 4307 1304 4376 lummene

711 3055 728 3095 e
746 3053 814 3096 sane
823 3035 878 3097 Dei
891 3037 1028 3096 iudicium
1037 3037 1103 3112 luit,
