2810 4850
146 243 188 306 38
540 234 579 298 ut
600 232 744 300 EVANG.
764 232 912 300 ΙΟΑΝΝ.
958 247 965 272 '
1002 289 1008 294 .

148 373 222 452 opu·
241 358 305 454 on
333 337 446 419 domo
459 349 519 416 oa
537 373 596 415 non
614 351 720 450 amaa
735 350 982 451 domatores
1001 349 1053 414 or
1069 351 1106 417 aa
1124 353 1203 416 aaa·
1223 355 1284 436 ει..

148 455 191 500 rra
211 443 311 518 agitur.
361 433 436 496 Nam
454 432 544 512 Deus,
569 451 700 514 quanam
720 433 774 493 aba
793 431 924 506 suffiunt,
950 449 983 491 ao
1002 451 1033 494 se
1052 451 1110 496 uno
1130 441 1292 514 oontentns⁸

80 613 82 616 Ι
147 519 329 678 matt,
348 515 413 577 ruit
437 519 533 576 tamen
551 514 583 576 in
600 510 727 574 Eoolesia
746 511 883 574 illustrari
902 529 983 572 suam
1002 511 1129 592 gloriam
1169 513 1205 577 In
1267 536 1287 575 o

310 596 415 656 amoris
434 613 502 676 erga
519 613 574 654 uos
593 594 638 653 sui
657 592 859 652 documentum
878 589 1005 674 praebet,
1025 591 1102 671 quod
1120 611 1204 656 snam
1222 615 1286 676 go.

147 677 221 736 dam
242 676 323 756 quast
341 673 487 734 individuo
506 691 585 734 nexu
604 691 671 733 oum
689 673 782 732 salute
800 677 898 732 nostra
918 671 1073 752 coniungit
1096 669 1198 734 Restat
1205 694 1287 736 nuno

138 755 181 816 'ot
200 775 231 816 se
255 755 292 816 ad
312 752 420 814 Christi
442 753 630 814 imitationem
654 751 758 832 singuli
781 756 962 831 comparent,
986 749 1101 833 quando
1124 753 1157 814 in
1181 755 1286 894 eapitis

102 1145 126 1216 Ι

148 830 1287 994 iiiiiwaffriiiiidimqid‘diiamtiffiiwmffi

147 991 206 1052 Dei
228 993 368 1074 tempium
392 991 452 1052 ullo
472 954 565 1052 'modo
589 953 740 1072 inquinari
789 989 902 1052 Interea
924 995 1022 1052 tamon
1045 953 1220 1068 oaveddmn‚
1249 1011 1289 1052 ne

189 1073 196 1089 '
232 1073 389 1137 vocationis
408 1089 477 1134 suae
496 1069 728 1136 iiues'transiiiat.
768 1067 870 1132 zelun
890 1069 1021 1132 omuibus
1039 1069 1122 1132 nobis
1143 1089 1211 1132 oum
1223 1070 1287 1132 titio

148 1091 212 1214 ἃ,
225 1169 407 1214 communem
426 1170 489 1212 esse
508 1157 636 1234 oportet:
666 1155 696 1212 at
721 1169 782 1212 non
801 1147 932 1212 omuibus
951 1151 1083 1231 protinus
1103 1149 1171 1211 lieet
1189 1151 1287 1232 flagel-

148 1231 209 1292 lum
229 1231 363 1312 arripere,
382 1237 416 1290 ut
435 1231 506 1291 ritis
525 1249 612 1292 manu
631 1231 817 1312 corrigamus.
862 1227 965 1311 Neque
984 1231 1062 1292 euim
1081 1227 1183 1292 eadem
1200 1229 1286 1292 nobis

148 1316 276 1392 potestas
296 1310 363 1370 data
381 1317 435 1388 est,
455 1329 510 1371 nso
528 1311 606 1373 idem
624 1312 783 1372 iniunctum
801 1328 914 1372 munaus.

167 1419 172 1426 '
237 1415 290 1482 18.
312 1413 558 1506 Responderunt
578 1405 1026 1505 ergoiirdaeiaodixemntei,
1047 1409 1145 1499 Quod
1160 1410 1287 1504 εἰςιιωιι

149 1519 290 1592 ostendis
313 1521 415 1606 uobis,
437 1519 525 1614 qrrod
545 1517 605 1588 ista
626 1516 741 1590 iadau?
769 1519 821 1588 19.
843 1517 1022 1612 Respondit
1037 1517 1136 1602 iesus,
1158 1525 1191 1586 et
1207 1517 1287 1586 dixit

10 1635 14 1642 '
150 1627 211 1710 eis,
232 1625 396 1698 Destruite
417 1625 574 1725 templum
596 1623 674 1711 hoo,
697 1637 731 1696 et
749 1625 783 1695 iu
804 1625 905 1694 tribus
927 1624 1039 1693 diebus
1061 1624 1178 1718 erigam
1199 1624 1287 1696 illud.

150 1733 205 1798 20.
229 1730 388 1802 Dixerunt
409 1756 483 1824 ergo
498 1731 620 1818 ¹ludaei,
642 1731 854 1826 Quadraginta
876 1730 1077 1801 etsexaunis
1090 1739 1288 1800 erroneum

151 1837 380 1930 estterupluru
401 1837 474 1924 hoo,
496 1849 529 1930 et
550 1849 586 1906 tu
606 1839 641 1907 in
661 1837 763 1909 tribus
785 1837 896 1909 diebus
918 1837 1018 1930 eriges
1038 1835 1134 1906 illudi
1165 1837 1220 1906 21.
1241 1833 1288 1904 At

151 1943 203 2012 iila
226 1943 348 2014 dioebat
366 1944 406 2043 de
420 1944 542 2037 templo
553 1944 694 2038 eorporis
713 1945 773 2014 sui.
795 1944 849 2015 22.
861 1939 1289 2037 Quumergoresurrerisset
1310 1937 1317 1944 '

151 2073 170 2118 a
192 2050 337 2136 mortuis,
359 2051 514 2120 recordati
535 2061 613 2122 sunt
634 2050 778 2144 discipuli
799 2049 877 2135 eius,
899 2049 988 2142 quod
1007 2047 1071 2118 hoe
1085 2045 1290 2119 dixisseteisr

150 2167 184 2225 ot
205 2156 403 2227 crediderunt
423 2154 659 2250 Scripturaeet
679 2156 819 2226 sermoni
841 2181 939 2249 quem
960 2155 1081 2226 dixerat
1099 2153 1199 2228 lesus.

230 2279 279 2341 18.
310 2278 399 2353 Quod
416 2285 538 2362 worn
557 2279 695 2340 wesdis.
735 2275 826 2356 Quod
844 2276 876 2338 iu
893 2281 975 2337 tanto
996 2281 1081 2337 coetu
1098 2293 1183 2338 oeno
1203 2271 1287 2334 Chri·

149 2362 196 2416 ato
215 2375 333 2418 ananum
353 2359 458 2434 missit,
478 2359 574 2419 nullm
593 2377 633 2419 ex
651 2358 792 2439 peouariis
811 2361 843 2419 et
861 2353 1059 2418 ammulariis
1070 2354 1287 2418 violentersmu

148 2435 262 2516 repulit,
282 2435 350 2495 hino
369 2435 436 2496 ooili
454 2457 502 2498 ere
522 2437 599 2513 lieet,
620 2437 754 2498 divinitus
767 2437 855 2498 fuisse
871 2455 971 2497 ornnes
985 2435 1141 2516 maeniana,
1159 2439 1193 2494 ut
1212 2439 1287 2494 atto·

148 2514 591 2674 tarsum
606 2514 1205 2671 ΡἛἛἛἛἛἛἛ
1218 2512 1289 2656 tr:

147 2671 211 2746 dos,
231 2672 346 2752 ignotus
366 2680 465 2734 eontm
485 2681 580 2734 tantos
599 2676 742 2757 prinsipes
760 2682 874 2738 tanturn
893 2693 979 2735 ausos
997 2673 1100 2735 fuerat.
1140 2659 1289 2734 emensio

148 2750 191 2812 illi
210 2771 271 2810 non
291 2751 451 2828 obstabant,
471 2772 561 2833 qum
580 2753 665 2837 longe
680 2757 841 2836 superiores
856 2761 960 2830 essent,
979 2756 1035 2814 nisi
1045 2751 1124 2834 quod
1132 2752 1290 2814 dissolutae

148 2836 179 2890 et
199 2831 281 2910 quasi
300 2831 407 2894 dadae
426 2840 506 2893 erant
525 2853 626 2894 eorum
645 2835 766 2895 manus?
786 2833 910 2895 Causam
919 2841 1017 2896 tamen
1030 2831 1224 2914 interrogandi
1233 2831 1286 2894 ali·

149 2927 236 2989 quam
256 2909 371 2972 habent.
411 2910 511 2993 Neque
531 2916 609 2976 enim
629 2916 752 2976 ouiusris
773 2921 826 2990 est,
846 2915 871 2976 si
891 2914 960 2995 quid
973 2915 1110 2974 riuosmn
1119 2919 1163 2973 est
1171 2919 1222 2974 aut
1231 2911 1288 2972 dis-

148 2987 235 3070 plioet
255 2987 285 3049 iu
305 2991 413 3074 templo
433 2991 492 3054 Dei
518 2996 614 3055 statim
632 3001 752 3056 mutare.
801 2993 950 3057 Damnare
974 2991 1089 3075 quidem
1108 2991 1288 3074 oorruptsias

148 3067 282 3129 omnibus
301 3068 423 3132 liberum
443 3079 496 3148 est,
520 3093 621 3134 verum
640 3076 665 3135 si
684 3075 789 3137 adeas
807 3073 950 3135 tollendas
968 3075 1097 3156 privatus
1115 3069 1204 3134 homo
1224 3089 1286 3130 mu·

147 3167 219 3208 num
238 3149 390 3226 admovet,
415 3154 583 3214 temeritatis
603 3161 744 3235 arguetur.
785 3151 864 3234 Quia
883 3151 1107 3224 mosarendoudi
1124 3151 1156 3211 in
1173 3149 1286 3232 templo

146 3235 279 3308 redeptus
298 3237 370 3305 erat,
391 3229 522 3294 Christus
541 3253 603 3294 reon
616 3253 722 3294 noram
736 3239 767 3295 at
780 3235 946 3296 inusitatam
958 3237 1176 3316 aggressusest:
1195 3249 1288 3313 quaro

146 3309 250 3368 merito
271 3309 420 3392 postulant
439 3318 473 3371 ut
492 3331 523 3372 se
542 3332 560 3373 a
578 3313 645 3374 Deo
665 3315 785 3374 missum
803 3313 916 3395 probet
949 3311 1076 3374 Smnunt
1089 3311 1168 3372 enim
1181 3311 1287 3393 prinei·
1320 3381 1322 3386 ¹

145 3387 227 3468 ptrmr
247 3389 334 3464 istud,
353 3391 383 3450 in
403 3389 518 3472 publica
537 3391 782 3454 remordatione
799 3414 861 3455 non
879 3413 942 3454 esso
955 3392 998 3455 ins
1011 3393 1166 3474 quoquam
1175 3397 1290 3452 mutare

36 3511 44 3534 1
145 3469 207 3528 sine
227 3475 305 3529 oerta
324 3473 476 3532 vocatione
496 3491 530 3533 ao
549 3473 682 3534 mandato
702 3471 773 3534 Dei:
804 3472 855 3535 sed
874 3475 905 3534 in
924 3473 1015 3534 altaro
1035 3471 1183 3548 amboni,
1206 3469 1289 3551 quod

109 4341 749 4488 ,morinummestisregni
869 4355 1042 4450 nsquamt(

145 3547 297 3610 admittere
321 3549 459 3612 uolebant
478 3551 586 3614 Christi
609 3554 789 3614 rooationam
813 3553 870 3613 nisi
893 3552 971 3614 edito
996 3551 1145 3614 miraoulo.
1184 3547 1289 3630 Neque

144 3627 1288 3715 mimidmpmpheuaetatusneimioannfutpopasmutsigna

145 3705 277 3782 ederent,
307 3729 402 3790 nsque
420 3710 502 3772 Deus
527 3711 565 3772 ad
584 3711 659 3774 hano
678 3714 875 3772 nenessitatem
901 3731 934 3774 sa
956 3714 1099 3774 astrinxit.
1146 3708 1225 3771 Ero
1255 3712 1288 3770 in

145 3785 169 3844 si
189 3805 227 3844 no
247 3787 403 3880 flagitando
422 3787 649 3930 ραπὲιεηιιιῦοο
665 3791 759 3871 legem
770 3793 932 3872 imponunt
963 3790 1052 3873 Quod
1060 3790 1181 3852 Iudaeos
1188 3731 1287 3852 itvm·

217 3870 246 3924 u
266 3872 457 3948 interrogasse
498 3871 555 3945 'eit
574 3868 631 3930 hoo
649 3871 765 3930 nomine
779 3869 882 3953 prooul
891 3871 979 3933 dubio
992 3871 1289 3950 multitudinemquas

178 3944 204 4004 ‘o
224 3943 343 4020 nutat,
365 3954 395 4007 et
415 3951 497 4028 quasi
516 3955 611 4010 toturn
629 3947 772 4012 Eenlesiae
791 3969 897 4033 eorpus
915 3951 1062 4034 intelligit:
1091 3953 1150 4016 assi
1170 3949 1288 4026 diderat,

143 4041 204 4086 ooo
224 4023 379 4086 mimam
399 4029 516 4090 aterius
535 4028 614 4090 nmo
633 4029 721 4092 fuisso
740 4049 911 4106 sermonem,
931 4031 982 4094 sod
1002 4029 1111 4114 populi.

225 4105 274 4166 19.
314 4107 468 4170 Dorta-utta
487 4111 635 4193 rupim,
654 4117 706 4172 eto.
746 4107 801 4172 Est
818 4111 972 4194 allegorian
990 4111 1137 4194 loqmuo=
1166 4129 1202 4172 ao
1220 4109 1287 4170 data

143 4201 233 4264 opes
251 4181 384 4248 Christus
403 4189 444 4249 ita
464 4187 586 4250 obsoura
604 4189 742 4270 loquum
756 4196 815 4268 rat,
835 4191 916 4273 quod
934 4197 1036 4276 aperto
1136 4195 1195 4260 'oso
1214 4189 1290 4250 indi·
1391 4187 1392 4196 ’

141 4281 216 4344 μοι
235 4262 387 4327 iudicabat
429 4257 680 4346 Quemadmodtun
703 4262 917 4335 attinentur
941 4289 973 4334 se
991 4273 1025 4333 in
1042 4289 1136 4412 mh
1151 4268 1287 4426 {adigi

295 4425 738 4513 autemiliiruegatquodpo
834 4439 1032 4516 rotumum,
1060 4430 1289 4516 aalqdapro·
1390 4439 1391 4498 t
