2716 4856
392 227 394 235 ,
460 185 751 276 cattum«
1091 195 1171 258 1375
1220 208 1222 224 ·

32 309 91 368 tuit
121 307 213 388 igitur
231 301 340 386 Apollo
369 304 411 364 sie
438 302 573 366 disserere
602 305 638 367 de
664 300 763 366 officio
779 303 914 376 chum,
945 311 980 366 ut
1005 305 1171 390 Scriptum

32 379 198 447 testimonia
221 383 356 465 probaret
378 383 409 442 in
432 382 493 443 lilio
518 381 622 445 Mariae
646 385 762 466 impleta
779 405 861 460 esse,
889 393 976 466 atque
1000 386 1067 446 indo
1086 385 1169 448 Cbri·

33 473 113 526 stum
133 483 195 526 esse
215 464 372 544 colligeret.
414 461 507 523 'lestis
534 471 578 524 e'st
626 471 751 526 caeterea
780 464 826 525 bic
855 465 948 538 locus,
977 465 1077 526 ntr‘lern
1092 485 1170 530 -esae
1219 521 1221 536 .

32 546 215 627 Scriptorum
243 561 304 604 nou
332 539 420 602 r'uodo
449 542 486 602 nd
515 485 688 619 docendum,
725 545 774 604 ssd
803 547 889 604 etism
918 544 953 604 nd
983 543 1170 625 frangendam

32 645 137 685 eornm
156 623 375 684 obstinationem
395 622 446 701 qui
468 629 571 701 sponte
587 643 649 682 nnn
671 627 842 704 sequuntur:
871 643 965 705 neque
994 627 1070 684 enim
1099 624 1171 684 satis

32 705 118 764 firma
137 710 212 764 esset
229 701 302 762 fides
319 707 427 774 nostra,
446 701 499 760 nisi
518 702 593 762 clara
613 703 671 762 illic
689 709 815 780 mutaret
832 722 932 764 eorum
952 703 1167 777 demomtrntio,

33 803 109 863 quae
133 783 175 852 ‚ad
206 781 328 845 sulutem
357 781 474 860 cognitu
502 783 659 842 necessaria
688 789 762 842 sunt.
808 782 893 844 Certe
916 781 1022 860 silex
1045 789 1076 843 ct
1093 779 1167 842 Pro·

32 863 139 1000 phetae
162 867 274 922 tantum
297 857 440 918 habebant
464 859 549 934 lucis,
578 867 611 921 nt
634 861 700 921 inde
723 863 874 943 perspicue
896 861 1059 943 probaverit
1075 861 1167 942 Apol·

45 962 94 1014 os,
114 941 209 1000 lesuin
228 957 292 999 essa
311 937 471 1012 Christum,
495 941 575 1020 qnasi
593 959 655 1000 rem
673 941 965 1023 optumescunt,
990 941 1047 1002 buo
1065 941 1166 1002 saltem
1273 945 1276 950 '

33 1020 150 1116 efficere
168 1017 252 1079 debet
269 1015 415 1174 Επυὸεἱὶί
434 1021 571 1092 accessio,
589 1027 628 1114 'nt
652 1037 690 1080 ex
708 1027 770 1116 tnta
789 1019 935 1101 Scriptum
955 1021 1039 1117 plura
1058 1019 1166 1082 consti
1190 1017 1192 1020 ’

32 1106 170 1259 teth
182 1097 1189 1268 tttumtrthttuhttttulitttuttl
1229 1169 1233 1176 ·

33 1277 100 1317 snm
120 1259 197 1318 enim
215 1256 352 1337 loquutus
371 1263 447 1316 esset
466 1254 560 1330 Deus,
583 1257 638 1318 uisi
659 1257 768 1338 liquida
791 1259 953 1338 invictaque
970 1260 1000 1319 in
1019 1260 1081 1320 sins
1100 1277 1164 1318 ver·
1255 1321 1267 1348 ·

33 1337 78 1396 bis
101 1356 134 1397 se
157 1335 298 1417 proferret
322 1336 448 1396 veritas?
486 1334 573 1414 Quod
589 1343 689 1398 autern
707 1337 774 1397 inde
792 1337 925 1410 inierunt,
949 1339 1082 1398 standum
1100 1354 1164 1398 esee

32 1414 178 1478 Ecclesiae
196 1415 367 1488 auctoritati,
385 1433 478 1495 neque
497 1435 534 1474 ex
554 1414 700 1496 Scriptum
719 1415 920 1497 disputandum
939 1435 1001 1482 tato
1019 1415 1163 1478 aumhse

32 1495 141 1568 seticis,
171 1493 283 1554 abunde
307 1490 422 1554 aana
446 1493 583 1554 refellitur
601 1513 702 1555 corum
721 1495 867 1556 cavillum:
895 1513 963 1556 nam
982 1515 1072 1576 quum
1087 1493 1162 1590 nibil

32 1574 143 1639 ludaeis
161 1573 247 1662 fuerit
265 1573 451 1654 pertinacius,
475 1574 591 1636 minime
614 1573 772 1634 timendum
794 1581 853 1647 est,
878 1595 929 1648 ue,
953 1573 1056 1654 quibus
1075 1591 1161 1634 armrs
1223 1633 1227 1640 .

32 1655 120 1714 fretus
139 1653 205 1714 illos
224 1652 357 1726 convicit,
375 1651 475 1712 eadem
492 1649 575 1710 nobis
593 1651 730 1711 adversus
748 1653 889 1732 quoslibet
907 1653 1063 1718 haereticos
1082 1651 1160 1714 suffi-

32 1735 115 1804 cient,
136 1739 236 1812 utpote
255 1750 330 1811 quae
348 1729 431 1790 nobis
448 1729 597 1793 uuonan
616 1729 766 1794 conluunt
784 1731 920 1794 adsumus
939 1731 1093 1804 diabolum,
1117 1751 1162 1796 us·

32 1831 130 1874 runnu
149 1811 461 1893 omniumpriucipenu
1156 1847 1160 1860 ›

332 2091 644 2190 cruor
705 2099 830 2188 xix.

121 2308 152 2372 1.
185 2305 317 2372 Factum
338 2314 388 2372 est
410 2315 530 2386 autem,
560 2325 659 2396 quum
681 2295 815 2395 Apollos
837 2311 921 2370 esset
941 2299 1109 2383 Corintbis
1124 2309 1161 2367 nt

32 2409 149 2478 Paulus
176 2409 346 2502 peragratis
371 2409 585 2500 superioribus
613 2409 753 2506 partibus
779 2409 900 2477 veniret
919 2393 1101 2506 Ephesum,
1126 2413 1159 2471 et

32 2516 163 2606 repertis
191 2515 378 2608 quibusdam
405 2515 564 2606 discipulis
592 2515 667 2584 dicit
694 2515 733 2582 ad
755 2536 827 2598 eos,
869 2515 901 2582 2.
931 2513 985 2587 Au
1006 2509 1160 2603 Spiritum

32 2631 175 2689 sanctum
197 2621 368 2712 accepistis,
396 2630 566 2713 postquam
588 2620 781 2689 credidistis?
823 2619 930 2688 Atilii
952 2617 1099 2686 dixemnt
1119 2616 1160 2684 ad

32 2749 120 2811 uum,
147 2726 232 2810 lmo,
259 2751 364 2820 neque
391 2751 431 2794 an
453 2727 495 2796 sit
515 2725 651 2819 Spiritus
672 2737 799 2796 sanctus
821 2722 1009 2794 audivimus.
1053 2723 1085 2790 3.
1117 2719 1161 2791 Et

32 2833 73 2900 ait
104 2832 144 2900 nd
176 2831 262 2916 illos,
294 2833 369 2921 Quo
396 2833 490 2926 igitur
517 2831 662 2923 baptizati
688 2833 785 2902 estis?
827 2831 874 2898 llli
900 2855 978 2900 vero
1003 2828 1159 2912 dixerunt,

32 2939 155 3006 loannis
176 2937 380 3030 Baptismate.
424 2931 456 3007 4.
483 2937 574 3004 Dixit
594 2949 701 3006 autern
721 2937 852 3020 Paulus,
874 2937 1008 3005 loannes
1029 2933 1160 3026 quidem

32 3045 196 3136 baptizavit
217 3043 381 3135 Baptismo
403 3043 623 3134 poenitentiae,
644 3042 766 3133 populo
787 3042 932 3132 loquens,
953 3041 986 3106 in
1008 3061 1083 3106 eum
1105 3037 1160 3133 qui

32 3161 184 3218 venturus
207 3141 291 3216 esset
311 3159 387 3239 post
407 3148 512 3238 ipsum
535 3158 572 3215 nt
592 3147 766 3217 crederent:
787 3146 851 3213 hoc
872 3156 921 3212 est
941 3145 975 3214 iu
996 3141 1159 3222 Christum
1191 3213 1198 3234 ,

32 3257 144 3322 lesum.
189 3253 222 3320 5.
250 3251 308 3320 His
330 3251 441 3320 auditio
462 3251 607 3342 baptizati
635 3250 765 3318 suntin
786 3273 904 3317 nomen
925 3247 1057 3316 Domini
1077 3249 1158 3318 lent.

32 3363 62 3430 δ.
95 3359 137 3427 Et
163 3383 264 3451 quum
290 3356 493 3450 imposuisset
518 3355 579 3424 illis
605 3379 719 3425 manus
745 3354 878 3440 Paulus,
909 3355 997 3436 venit
1023 3353 1159 3446 Spiritus

32 3476 156 3535 sanctus
184 3487 280 3557 super
305 3487 378 3548 eos,
410 3473 443 3532 et
468 3461 679 3554 loquebantur
704 3462 834 3554 linguis,
866 3473 899 3530 et
918 3459 1158 3570 prophetabant.

33 3574 63 3640 7.
84 3572 183 3640 Erant
203 3582 311 3640 autem
333 3591 446 3638 ornnes
467 3569 526 3638 viri
548 3568 613 3638 lere
635 3567 810 3639 duodecim

110 3719 139 3779 1.
157 3715 258 3810 llelert
276 3715 324 3776 hie
341 3714 435 3776 Lucos
449 3713 532 3776 Pauli
551 3713 645 3809 reditu
662 3732 722 3776 uon
740 3689 828 3776 modis
847 3715 1042 3776 confirmatam
1061 3679 1092 3774 et
1110 3675 1159 3774 au·

34 3803 111 3936 rr
404 3791 1159 3954 trun
1244 3899 1248 3910 .

35 3897 126 4016 illilus
145 3951 268 4048 Spiritus
287 3955 401 4034 gratiae.
435 3951 527 4014 Porro
546 3960 677 4014 essentne
695 3953 773 4014 urbis
791 3895 901 4015 iiicolae
920 3975 957 4016 en
976 3957 1045 4014 novi
1063 3952 1159 4033 bospi-

36 4042 88 4109 tee‚
106 4038 239 4106 necentur,
257 4052 311 4095 nec
329 4052 500 4113 magnopere
518 4039 615 4103 nostra
633 4035 759 4094 interest.
797 4033 917 4094 ludaeos
937 4034 1052 4115 quidem
1070 4031 1157 4092 luisse

37 4114 148 4176 minime
167 4111 285 4174 dubium
303 4119 356 4186 est,
376 4111 563 4192 qnialoannis
572 4111 613 4172 Bn
633 4113 899 4196 tismamceperant:
918 4113 1064 4196 probabile
1072 4113 1158 4174 etiarn

37 4201 88 4271 est,
106 4192 246 4254 habitasse
267 4191 380 4274 Ephesi,
400 4191 515 4273 qmndo
533 4191 591 4252 illic
609 4131 716 4254 lanus
734 4212 785 4254 eos
803 4195 916 4276 reperit.

114 4277 141 4335 2.
170 4276 224 4335 Ars
242 4279 387 4370 Sputum
405 4281 541 4334 muctam
559 4281 719 4353 accepistin
756 4271 893 4336 clausula
910 4273 1044 4339 historiae
1064 4275 1155 4334 osten·

41 4353 88 4428 tit,
106 4373 162 4414 uon
181 4351 337 4436 despuito
355 4351 584 4432 regenerationis,
602 4353 652 4414 sed
671 4353 708 4416 de
726 4351 892 4438 specialibus
906 4351 1158 4433 donisquaeDens
