2810 4850
168 253 188 313 4
548 237 588 302 tit
606 235 750 312 EVANG.
763 237 901 306 dOANN.

127 505 132 518 ,
170 354 748 516 idiismatdiidm'mddtdirilddif'hdegirsltiiriri
764 353 1297 498 pppemsrtpomnqppipmnffiffi

170 524 247 584 ideas
265 523 384 617 rapitur:
404 516 481 598 quod
491 515 570 576 Deus
589 523 740 596 antequam
753 515 892 578 mundum
906 513 1049 589 conderet,
1068 514 1193 576 iormam
1205 517 1298 576 totius

171 602 276 684 opificii
294 622 324 662 ιιι
341 606 435 659 mente
454 615 505 656 sua
524 601 689 677 conceptum
708 594 850 656 habuerit:
870 601 957 675 atquc
976 595 1017 654 ita
1031 595 1089 654 vita
1103 615 1204 656 eorum
1219 614 1297 676 quae

170 683 297 745 nondum
315 678 471 752 exstabant,
490 677 520 736 in
534 675 648 736 Christo
668 675 762 750 fuerit,
781 676 848 756 qnia
866 677 897 734 in
916 694 951 736 co
971 673 1099 735 ordinato
1117 681 1179 736 erat
1194 675 1298 736 mundi

170 763 283 823 creatio.
332 757 389 818 Ssd
413 775 500 838 quarn
521 755 597 816 istud
617 756 653 814 sit
672 774 689 814 a
708 761 803 816 ments
821 753 1018 834 Evangelistac
1037 753 1122 834 longe
1140 761 1296 830 remotum,

170 863 240 902 mox
257 837 422 900 videbimm.
461 833 546 895 Nunc
568 835 605 895 od
627 835 707 915 prius
731 833 890 894 membrum
909 834 1003 896 redeo
1043 831 1110 892 Non
1129 840 1172 894 est
1191 834 1298 896 vitioso

169 921 240 980 haec
257 914 451 996 αεριποιογὶα,
470 922 503 974 ut
520 917 551 974 in
570 915 692 996 specium
711 914 832 974 videtur.
872 911 949 991 Quis
964 913 1040 974 enim
1054 912 1126 972 nihil
1139 932 1198 974 non
1212 911 1297 974 moli-

169 1006 217 1060 tur
231 997 327 1068 Satan,
346 999 379 1053 ut
393 992 506 1054 Christo
526 994 633 1075 aliquid
652 992 789 1067 denatat,
808 994 973 1052 nominatim
987 993 1086 1054 testari
1099 989 1296 1054 voluitEvan-

169 1079 275 1160 gelista,
294 1091 393 1134 eorum
412 1073 579 1152 quaefacta
598 1072 753 1134 suntnihil
772 1074 884 1154 ponitus
902 1073 1004 1153 excipi.

247 1155 275 1216 4.
315 1155 355 1214 Iu
380 1161 444 1234 ipso
469 1161 531 1214 otto
554 1163 628 1213 erut.
677 1143 822 1213 Hactenus
845 1153 955 1224 docuit,
980 1171 1031 1232 per·
1049 1149 1219 1212 Sermonem
1237 1147 1298 1210 Dei

168 1241 261 1295 creata
279 1233 366 1292 fuisse
386 1233 488 1292 omnia.
528 1231 612 1293 Nunc
631 1253 732 1294 eorum
751 1251 825 1312 quae
845 1237 937 1292 creata
957 1231 1078 1306 fucrant,
1103 1230 1299 1308 conservatio·

166 1335 234 1376 nem
252 1312 379 1373 similitor
397 1312 440 1371 iili
459 1312 597 1371 attribuit:
617 1313 676 1372 acsi
695 1312 810 1385 diecret,
829 1331 889 1370 non
907 1309 1027 1370 subitam
1047 1312 1138 1370 modo
1156 1312 1219 1370 eius
1238 1310 1296 1370 vir-

166 1400 268 1468 tum,
287 1410 360 1471 quac
379 1411 450 1451 mox
467 1393 616 1465 transierit,
635 1392 799 1472 apparuisse
818 1393 847 1450 in
867 1391 966 1450 mnndi
985 1391 1141 1450 creatione:
1160 1389 1297 1450 sedineo

167 1493 229 1534 osso
248 1472 439 1552 conspicuam,
459 1471 537 1551 quod
556 1470 663 1530 stabilis
682 1477 712 1530 et
730 1469 806 1532 fixus
825 1477 942 1530 naturae
957 1470 1028 1530 ordo
1043 1469 1139 1529 durate
1159 1467 1301 1549 quemad·

166 1551 284 1612 modurn
303 1551 340 1610 ad
353 1547 440 1610 Hchr.
455 1569 516 1632 cap.
531 1553 559 1612 1.
575 1569 603 1609 v.
614 1553 642 1612 3.
663 1549 764 1612 dicitur
782 1551 919 1610 srrstinore
938 1550 1033 1610 omnia
1052 1548 1142 1608 serbo
1157 1555 1208 1608 aut
1221 1553 1298 1608 nuto

188 1632 310 1692 olentiae
329 1649 404 1689 suae.
445 1629 597 1690 Caeterum
615 1631 675 1690 vita
694 1629 764 1690 haoc
782 1629 830 1690 rel
844 1629 881 1690 ad
894 1629 1046 1689 inanimata
1062 1627 1175 1690 extendi
1190 1633 1297 1710 potest,

165 1654 1297 1871 trmarrrrrmmrrmuun

365 1829 375 1849 ·
853 1832 860 1846 ·
1285 1828 1297 1858 a

164 1868 335 1930 Sermonem
352 1867 410 1929 Dci
429 1889 488 1929 non
506 1869 594 1928 modo
613 1867 721 1930 iontem
740 1869 815 1928 vitae
835 1866 921 1928 fuisso
939 1869 1074 1928 creaturis
1093 1865 1239 1938 omuibus,
1260 1867 1298 1924 ut

164 1967 227 2010 esso
245 1950 401 2030 inciperent
420 1967 494 2028 quae
512 1949 641 2009 nondum
660 1953 754 2008 erant:
774 1947 824 2006 sod
843 1947 956 2007 vivifica
975 1949 1034 2008 eius
1053 1943 1239 2016 virtutofieri,
1260 1949 1296 2004 nt
1358 1958 1365 1982 ⁴

163 2029 195 2088 in
213 2033 290 2088 statu
308 2048 361 2090 sno
386 2035 526 2090 maneant
575 2025 637 2086 Nisi
660 2028 737 2086 enim
755 2027 889 2086 oonh‘nua
908 2029 969 2088 eius
987 2025 1132 2121 inspiratio
1151 2021 1298 2084 mundum

163 2113 284 2189 vegetet,
302 2125 418 2168 nocoesc
437 2107 491 2166 erit
510 2123 639 2188 quaecun
680 2107 823 2188 erigent,
842 2109 972 2188 protinus
987 2105 1124 2176 demdere,
1143 2101 1237 2162 autin
1251 2102 1296 2160 ni-

163 2186 254 2247 hilum
273 2187 367 2268 redigi.
406 2184 541 2266 Denique
560 2125 780 2266 quouqi’mhr,
805 2185 869 2248 Act.
890 2187 937 2248 17.
959 2207 985 2244 v.
1005 2187 1060 2258 28,
1084 2181 1149 2242 Deo
1170 2180 1296 2256 ascribit,

162 2287 217 2327 nos
242 2265 350 2327 sedicet
367 2268 398 2325 in
416 2265 480 2346 ipso
499 2283 561 2324 esso
580 2271 610 2327 et
628 2266 739 2324 moveri
757 2271 786 2322 at
805 2265 911 2336 vivore,
939 2261 1058 2322 Ioannes
1078 2259 1226 2320 Sermonis
1245 2259 1296 2320 he·

162 2344 264 2406 ncflcio
283 2343 346 2404 ficri
364 2351 491 2404 testatur.
521 2342 602 2402 Dens
621 2360 690 2422 ergo
710 2341 825 2419 estqui
844 2359 896 2399 uos
916 2339 1053 2400 vivificat:
1072 2339 1122 2398 sed
1136 2359 1190 2419 por
1203 2345 1297 2400 aetor-

161 2445 232 2484 num
251 2421 429 2483 Sermonem.
478 2424 551 2480 Vtro
574 2429 639 2480 erut
661 2422 719 2479 lucc
740 2421 900 2478 torminum.
944 2418 1024 2480 Alias
1047 2419 1296 2500 interpretationes

161 2519 274 2642 th:
285 2507 396 2659 titt
403 2496 1295 2658 iffiritllfftitttttttttttmitrttt

161 2655 971 2834 lr‘i‘ffllniti‘iiiiiiiiliiidiiriffli
986 2657 1180 2798 &iffi
1192 2665 1294 2820 iffi

161 2839 200 2878 ex
217 2817 338 2878 altorum
356 2835 475 2876 numu-o
494 2822 636 2896 segregat:
656 2815 723 2896 quia
741 2815 844 2876 melius
857 2813 915 2878 Dei
933 2818 1069 2878 virtulem
1088 2837 1173 2878 seusu
1192 2819 1222 2877 irr
1236 2838 1293 2878 uo·

161 2895 205 2996 iris
210 2897 403 3040 percipimus,
422 2909 514 2976 quum
528 2894 631 2976 procul
649 2896 740 2976 ipsam
758 2898 912 2958 intuemur.
960 2894 1011 2993 Sic
1028 2895 1137 2992 Paulus
1156 2897 1293 2993 admonet

160 2973 942 3151 *tutrflttrtttttgt‘gthttt‘g'lffic
978 2977 1292 3118 -lttihzhttli

160 3079 339 3217 Evangelista
357 3135 516 3230 proposuit,
534 3141 568 3194 nt
586 3133 714 3194 homines
733 3155 850 3216 proprus
870 3135 906 3195 ad
925 3155 989 3197 cam
999 3131 1187 3216 reputandam
1199 3135 1290 3200 addu-

161 3223 215 3290 cat,
235 3215 358 3276 ostendit
376 3214 445 3293 qurd
464 3215 533 3294 ipsis
552 3212 730 3294 peculiariter
749 3215 847 3274 datum
866 3215 963 3276 fuerit:
984 3215 1062 3296 quod
1080 3213 1187 3278 stilioet
1199 3216 1291 3276 creati

159 3315 218 3354 non
237 3295 342 3355 fuerint
360 3293 516 3374 pecudibus
541 3293 660 3366 similes,
689 3293 740 3353 ocri
763 3301 858 3354 mente
882 3296 1003 3376 praediti
1021 3295 1140 3376 gradum
1157 3295 1291 3358 aliorum

160 3373 342 3434 obtinuerint.
390 3371 482 3432 Porro
506 3374 574 3452 qnia
593 3371 674 3433 Deus
698 3393 758 3434 non
782 3373 887 3435 frustra
910 3375 1004 3436 lucem
1022 3394 1104 3436 suam
1121 3376 1152 3437 iu
1170 3375 1290 3436 illorum

159 3453 301 3531 ruentibus
320 3451 461 3526 accendit,
489 3453 618 3532 sequitur
636 3453 666 3513 in
684 3452 762 3516 hunc
781 3453 868 3516 finem
887 3475 949 3516 mse
968 3455 1110 3528 conditos,
1127 3459 1172 3514 ¹ut
1190 3455 1289 3534 ipsum

158 3539 218 3593 tam
237 3532 385 3610 singularis
403 3529 471 3592 boni
489 3539 634 3594 auctorem
652 3542 814 3616 agnoscant
842 3533 881 3594 Et
895 3533 1007 3616 qnando
1021 3533 1116 3592 lucem
1134 3529 1288 3608 honorau-

158 3614 203 3671 ius
222 3611 324 3672 Sermo
344 3613 579 3693 morongano,
599 3613 665 3672 iudo
684 3615 721 3674 ad
740 3635 793 3674 noe
812 3613 970 3688 transhrdit,
989 3613 1076 3674 instar
1095 3611 1204 3695 speculi
1222 3631 1287 3674 osso

158 3691 255 3806 dohet2
268 3692 297 3751 in
317 3711 376 3770 qno
395 3691 523 3752 divinum
542 3691 688 3752 Sermonis
712 3695 770 3752 vim
790 3693 866 3754 clarc
884 3711 1040 3753 oemamns.

158 3773 428 3925 mutrii'Suiritriiri
445 3773 632 3908 idoiie'iiidaurr
648 3774 765 3911 loidceedos:
785 3771 1287 3914 oiboldoeloitpaidiriairiririiodituriidadffi

158 3926 224 4064 leus
243 3925 310 3983 satis
328 3931 427 3986 notam
445 3947 514 3988 esse.
554 3927 657 3988 Misere
681 3932 757 3990 onim
776 3933 805 3990 in
824 3938 885 3992 tota
904 3952 955 3992 sua
975 3935 1084 3992 ratione
1103 3939 1285 3994 evanescunt.

185 4003 240 4064 odo
254 4005 330 4062 onim
344 4009 388 4062 tot
397 4025 524 4068 errorum
535 4007 687 4087 labyrinthi
699 4011 729 4070 in
738 4012 856 4086 mundo,
875 4013 929 4072 nisi
942 4012 1157 4092 quodhomincs
1166 4013 1286 4094 proprio

123 4107 128 4114 ·
157 4103 241 4146 sensu
260 4083 372 4142 nonnisi
391 4085 427 4144 ad
446 4089 598 4150 vanitatem
616 4096 646 4150 et
664 4092 840 4154 mendacium
859 4091 1008 4153 iernntnr‘l
1047 4089 1135 4170 Quod
1159 4093 1185 4152 si
1203 4091 1284 4153 nulla

157 4165 187 4224 in
205 4162 366 4260 hominibus
385 4163 438 4224 lux
456 4175 581 4262 apparet
600 4171 770 4232 exstinctum
783 4179 827 4234 est
840 4172 912 4234 illud
927 4172 1080 4234 divinitatis
1090 4171 1197 4233 Christi
1205 4173 1286 4232 testi·

155 4261 293 4318 monium,
313 4262 394 4303 curus
412 4263 542 4325 proxrme
560 4246 640 4309 Evan
659 4251 740 4312 elistn
757 4255 893 4314 meminit
936 4253 988 4314 illc
1006 4253 1083 4314 onim
1101 4254 1202 4314 lortius
1221 4258 1284 4313 ortt

155 4321 268 4406 gradus,
288 4321 334 4399 (ut
349 4323 430 4401 dixi),
449 4325 480 4388 in
499 4327 558 4387 vita
576 4327 725 4392 hommum
743 4330 878 4412 quiddam
898 4331 983 4414 longo
1002 4351 1064 4394 esse
1082 4331 1282 4477 puEmeatunlius,
1393 4333 1394 4337 ’

129 4457 132 4462 ,
155 4421 242 4485 quam
260 4402 298 4462 sit
315 4409 411 4465 motus
429 4411 459 4480 ot
476 4407 600 4486 spiratio.
641 4407 722 4472 Hanc
738 4413 932 4492 quaestionem
946 4413 1082 4496 anticipat
1115 4411 1284 4495 msstlfflr·
