2810 4850
191 259 229 318 16
580 247 620 314 ΙΝ
637 247 782 316 EVANG.
800 247 932 320 ῙΟΔΝΝ.

190 369 241 432 sed
259 367 356 432 Deum
377 368 471 451 palam
494 369 523 428 in
542 365 649 430 Christi
671 367 743 432 iaeie
768 372 900 454 conspici
945 365 978 430 Si
996 368 1042 430 otri
1060 369 1214 436 abmdutu
1232 373 1312 436 vite·

189 457 252 526 tur,
280 449 379 511 Patres
402 447 458 509 Dei
480 449 580 510 notitia
602 449 724 531 privari,
752 469 790 514 ex
814 451 916 534 qubus
940 448 1094 546 prophetae
1117 453 1201 514 nobie
1224 452 1313 516 lrodia

188 531 275 592 etiam
293 530 384 592 iaoem
401 527 577 611 praeferunt:
605 531 778 612 respondeo,
802 551 862 591 uon
881 530 1044 612 simpliciter·
1061 537 1112 594 aut
1150 535 1257 596 raeeise
1277 536 1311 596 il·
1327 562 1330 571 ¹

188 610 225 673 lis
243 631 263 672 n
314 608 436 690 riquod
453 607 535 670 nobis
553 607 699 686 tribuitur,
728 610 779 672 sed
802 611 919 672 minoris
938 616 968 671 et
985 611 1105 671 maiorie'
1136 620 1170 674 nt
1186 613 1311 698 loqunn.

187 692 254 768 tur)
300 689 341 750 eri
363 689 617 770 comparationem,
640 690 708 770 quia
731 690 774 750 illi
792 709 895 774 parvas
913 696 1026 752 tautum
1044 692 1127 753 odrae
1144 693 1218 755 lueis
1236 697 1312 756 sein·

187 771 263 832 tillas
290 765 440 844 habebant,
468 768 548 831 errius
575 769 677 850 plenus
701 768 786 830 hodie
809 770 904 850 lirlgor
926 789 980 831 nos
1008 770 1140 833 illustrat
1187 771 1313 858 Siquis

187 849 319 930 excipiat,
337 847 434 909 Deum
451 854 522 908 mne
581 867 655 930 oque
673 849 746 912 iaoie
763 849 801 911 ad
819 849 921 911 faeiem
939 869 1002 911 esse
1020 851 1116 912 visum
1135 851 1249 931 (Genea
1259 857 1313 929 32,

186 930 254 1008 30)=
284 929 347 989 dieo
376 949 407 989 as
428 935 522 990 erasm
540 869 625 990 ddum
648 930 765 991 mitiore
790 949 856 992 eum
873 935 972 991 nostro
991 929 1127 1006 mulceri,
1156 933 1207 993 sed
1224 939 1315 1016 prout

186 1015 257 1071 tuuc
274 1009 384 1069 solebat
431 1028 481 1069 ens
500 1008 620 1070 obseure
639 1015 668 1071 et
758 1010 768 1069 i
786 1011 887 1092 procul
905 1029 937 1071 se
956 1009 1112 1086 ostendere,
1132 1012 1312 1094 qoibrrsda·

185 1091 245 1151 rius
264 1096 442 1170 apparuerat,
461 1089 483 1148 ii
500 1107 532 1150 se
550 1089 629 1150 iaeie.
641 1087 678 1150 ad
726 1091 796 1151 eiem
815 1091 920 1152 vidisse
938 1089 1043 1150 dieunt
1081 1089 1183 1172 itique

184 1167 1104 1331 itdttttttl²l⁰s⁰tdffiitttltlttl’
1128 1171 1313 1312 titi

134 1405 137 1409 .
183 1327 268 1390 nibus
287 1328 481 1404 mellentino,
500 1348 587 1410 qnam
605 1331 636 1389 in
654 1337 752 1390 monte
771 1329 866 1390 Moses
884 1291 1047 1412 impdtravit
1104 1330 1171 1391 xod
1182 1335 1231 1406 33,
1245 1333 1312 1408 23),

183 1415 215 1469 et
233 1414 329 1468 tamen
346 1409 514 1470 nominatim
527 1407 609 1470 Dens
626 1411 803 1492 pronuntiate
823 1408 935 1484 Faciem
954 1430 1047 1471 meam
1065 1410 1161 1470 videre
1179 1431 1238 1472 nou
1256 1431 1312 1492 po·

183 1489 265 1564 teris,
294 1493 407 1549 tantum
425 1489 533 1549 videbis
551 1495 663 1570 tergum
680 1509 785 1550 meum.
836 1486 903 1567 Qua
921 1490 1088 1570 metaphora
1107 1489 1208 1573 plenae
1226 1496 1258 1551 et
1274 1491 1313 1550 li·

184 1567 287 1649 quidue
313 1569 494 1630 revelationis
521 1575 634 1652 tempus
657 1569 786 1631 nondum
809 1570 919 1630 venisse
943 1569 1092 1650 signifieat.
1139 1567 1194 1630 Est
1221 1571 1310 1630 etiam

182 1647 356 1724 notandum,
375 1647 491 1723 Patres,
529 1657 536 1668 “
555 1669 605 1709 um
624 1647 721 1710 Deum
740 1649 864 1731 aspioere
883 1647 1004 1724 vellent,
1023 1667 1135 1730 semper
1153 1649 1252 1710 omlos
1270 1649 1311 1709 ad

183 1727 329 1789 Christum
348 1731 477 1790 vertisse.
530 1750 568 1789 on
587 1735 698 1790 tantum
717 1728 774 1790 hoe
792 1729 929 1810 intelligo,
950 1727 1132 1810 quodDeum
1146 1731 1177 1790 in
1189 1736 1311 1790 aeterno

182 1827 236 1869 suo
256 1806 395 1870 &otone
414 1809 507 1868 intuiti
526 1810 592 1882 sint,
612 1809 662 1870 sed
681 1809 759 1890 qnod
778 1809 814 1868 ad
853 1811 1001 1870 romissam
1021 1807 1128 1869 Christi
1145 1808 1309 1869 manifesta·

181 1889 290 1948 tionem
312 1896 374 1948 tota
399 1895 508 1962 mente,
536 1895 657 1970 totoque
680 1889 774 1950 cordis
832 1896 896 1949 ectu
915 1890 1016 1950 intenti
1034 1896 1121 1948 erant
1170 1885 1237 1966 Qut
1260 1907 1308 1949 ra·

64 2019 73 2052 ,
182 1969 261 2028 lione
284 1969 360 2028 dicet
378 1967 508 2028 Christos
531 1968 591 2049 ipse
610 1987 672 2051 cap.
693 1973 726 2043 8,
746 1971 794 2032 56.
844 1967 987 2028 Abraham
1011 1969 1081 2027 vidit
1105 1966 1179 2027 diem
1197 1985 1306 2027 meum.

168 2045 274 2124 ‘Porro
294 2049 372 2128 quod
391 2047 598 2109 subalternatur
611 2069 670 2108 non
680 2055 796 2130 pugnat,
822 2047 918 2109 Manet
929 2069 997 2129 ergo
1011 2046 1188 2122 illudlixum,
1207 2043 1309 2108 Deum

223 2129 231 2143 ‘
260 2129 339 2209 prius
367 2134 428 2188 erat
452 2128 584 2202 visibilis,
613 2147 690 2188 nune
711 2129 742 2188 in
762 2126 876 2188 Christo
900 2129 1072 2266 apparuisse.
1120 2125 1220 2204 Quom
1240 2127 1309 2188 diets

172 2147 279 2288 diliana
297 2217 330 2270 tn
348 2217 417 2269 stau
435 2211 541 2268 Patris
553 2209 671 2290 subse,
699 2215 813 2290 sumpta
841 2215 887 2268 eet
909 2227 926 2268 a
969 2205 1130 2267 hominibus
1149 2206 1307 2282 translatio,

181 2288 231 2370 qui
258 2290 289 2348 in
317 2289 412 2348 sinum
434 2305 519 2348 suum
543 2287 692 2348 admittere
716 2287 861 2362 diduntur,
893 2285 1062 2368 qmbnseum
1085 2305 1188 2347 areana
1211 2287 1307 2346 omnia

180 2368 399 2429 communicant.
443 2368 533 2428 Sedes
562 2367 672 2428 consilii
700 2373 798 2448 peetus
827 2373 878 2426 est
923 2363 999 2424 Ero
1018 2363 1122 2426 Filium
1145 2365 1181 2428 ab
1200 2367 1308 2428 intimis

60 2508 64 2518 ,
180 2449 295 2506 secretis
318 2446 398 2506 Patri
425 2446 511 2506 luisse
540 2445 659 2522 dooent,
686 2453 722 2508 ut
748 2447 869 2508 sciemus
892 2446 923 2507 iu
972 2445 1102 2530 vangelio
1125 2466 1180 2508 nos
1202 2445 1308 2509 habere

54 2553 58 2560 ·
179 2527 261 2606 qnasi
280 2533 409 2607 apertum
428 2524 484 2586 Dei
501 2532 608 2608 peetus.
733 2533 736 2540 '

269 2681 320 2749 19.
364 2679 408 2749 Et
432 2679 496 2750 hoe
521 2691 571 2752 est
591 2680 807 2752 testimonium
828 2682 967 2767 loannis,
999 2681 1127 2774 quando
1153 2680 1310 2753 miserunt

178 2785 285 2854 iudaei
310 2785 531 2880 Hierosolyma
544 2795 546 2800 ’
561 2785 746 2859 Sacerdotes
780 2799 814 2858 et
834 2787 979 2873 Levites,
1010 2799 1047 2856 ut
1080 2787 1310 2882 interrogarent

178 2917 268 2976 eum,
301 2893 354 2962 Tu
381 2894 454 2986 quis
480 2895 536 2964 es?
580 2896 633 2968 20.
666 2893 710 2962 Et
737 2894 903 2964 consessus
932 2907 994 2979 est,
1027 2905 1060 2964 et
1080 2918 1147 2964 non
1167 2897 1308 2989 negavit:

177 2998 342 3069 confessus
371 3012 435 3086 est,
466 3001 611 3094 inquam,
643 2999 718 3068 Non
745 3024 819 3068 sum
841 3024 900 3092 ego
922 2999 1075 3071 Christus.
1124 3003 1177 3070 21.
1210 3003 1308 3072 tune

176 3105 407 3200 interrogarunt
428 3131 519 3191 eum,
540 3107 626 3194 Quid
647 3101 759 3198 ergol'
786 3105 872 3174 Elias
894 3129 929 3176 es
951 3109 1009 3176 tu?
1049 3107 1094 3184 ,Et
1114 3107 1207 3192 dixit,
1226 3105 1307 3180 Non

176 3235 258 3282 sum.
301 3213 460 3307 Propheta
488 3236 522 3282 es
549 3214 606 3280 tu?
647 3209 691 3279 Et
716 3212 903 3303 respondit„
923 3209 1008 3282 Nou.
1059 3215 1113 3282 22.
1144 3213 1307 3286 llixeruut

176 3343 252 3412 ergo
285 3319 345 3404 illi,
377 3320 456 3406 Quis
489 3341 539 3404 es,
570 3326 608 3388 ut
638 3340 829 3408 responsum
856 3317 968 3388 demus
1000 3321 1038 3388 iis
1067 3319 1122 3412 qni
1150 3321 1308 3390 miserunt

130 3415 132 3420 ¹
174 3426 259 3494 nos?
301 3427 385 3514 Quid
407 3427 482 3496 dieis
505 3427 544 3496 de
565 3435 598 3495 te
619 3425 712 3517 ipso?
754 3423 807 3492 23.
841 3422 924 3518 Ego,
947 3425 1061 3518 iuquit,
1082 3449 1149 3492 vox
1170 3426 1307 3493 daman-

49 3551 54 3564 ·
174 3532 216 3604 tis
238 3533 272 3602 iu
294 3534 437 3618 deserto,
462 3532 573 3603 Parate
593 3532 678 3601 viam
700 3529 846 3618 Domini,
871 3527 1140 3625 quemadmodum
1160 3529 1240 3599 dixit
1259 3529 1307 3601 Ie·

174 3639 255 3710 saias
275 3641 441 3734 propheta.
1132 3651 1136 3660 '

255 3803 303 3864 19.
343 3805 385 3862 Et
404 3805 458 3863 too
477 3809 519 3862 ert
538 3807 744 3861 testimonium.
783 3796 927 3870 Hactenus
946 3797 1058 3860 loannis
1079 3799 1246 3861 concionem
1266 3799 1306 3863 de
1389 3859 1390 3868 ,

175 3877 291 3942 Christo
310 3879 435 3940 habitam
453 3879 550 3940 retrdit
568 3875 762 3958 Evangelistaa
788 3897 865 3939 nune
888 3879 1033 3940 deseendit
1052 3879 1088 3940 ad
1107 3879 1304 3942 testimonium

174 3961 264 4041 magis
283 3958 406 4032 celebre,
436 3957 718 4056 quod'Saoerdotunr
735 3957 835 4040 legatis
854 3959 995 4020 redditum
1013 3959 1068 4020 luit
1085 3965 1119 4019 ut
1136 3957 1305 4040 Hierosoly·

174 4037 1304 4216 aaronitaantipaaeiautouaeaeu
1388 4147 1389 4166 ψ

175 4358 282 4420 Dieunt
305 4360 353 4420 alii
377 4358 520 4440 placuisse¹
539 4360 628 4441 magis
647 4357 789 4436 Ioannem,
809 4359 886 4441 quod
905 4379 943 4420 ex
962 4378 1065 4444 genere
1084 4378 1120 4421 ao
1138 4359 1237 4420 ordina
1256 4377 1301 4420 sa-
1387 4399 1388 4430 ,

175 4439 308 4502 oerdotali
327 4447 416 4502 esset:
436 4440 488 4502 sed
501 4459 541 4500 -ne
556 4441 611 4500 hoe
630 4439 745 4520 quidem
764 4447 808 4500 est
821 4437 974 4521 probabile.
1010 4437 1085 4502 Nem
1099 4459 1188 4521 quum
1208 4439 1299 4500 lanata
1387 4431 1388 4463 ¹
