2786 4870
571 231 696 298 CAPUT
714 233 735 298 1.
1165 238 1204 300 13

95 377 157 420 uon
175 352 258 418 aus
276 343 490 413 ooatluebautur
506 346 610 424 ludaei,
629 304 698 430 quin
716 347 841 410 Sabbato
861 347 897 410 ad
915 367 966 410 sua
984 347 1095 432 negotia
1106 367 1204 410 exorr-
1241 300 1244 325 ι

95 443 194 498 renent
213 427 462 513 (quemadmodum
479 429 605 490 videmus
615 427 769 491 Dominum
788 430 921 508 conqueri
940 424 1017 509 q‘uod
1036 447 1121 488 onera
1139 429 1205 490 elle-
1306 467 1309 472 ,

95 523 164 576 rant
181 521 259 599 extra}
275 509 397 646 portasg,
416 508 480 566 ideo
499 507 629 566 credibile
647 514 699 583 est,
718 507 754 568 ad
773 507 955 568 cohibendam
973 507 1108 568 eiusmodi
1125 507 1205 568 lasei-

97 597 174 690 viprn
202 589 347 652 commrmi
394 585 556 681 aeerdotum
579 587 697 724 coucigo
721 584 1205 725 edgptrpriluerlppm,usueinmmoflpip

95 663 635 830 ffigsabbbbwbffifitcrbbeidbbbbbta
659 683 769 804 drbbbbs
791 683 1205 806 Βιιιιιίιιίξῖιιιιίιιοᾚιιιιιιο·

94 835 202 902 morat,
221 824 337 892 Attoiba
354 823 457 881 scilicet
479 829 508 880 et
526 821 641 882 Simone
659 821 732 884 Heli.
996 844 1000 852 ·

175 909 226 968 13.
271 903 328 964 Ubt
345 909 535 962 mammos„
561 901 619 962 Alii
638 907 763 978 vertunt,
791 898 951 962 Manebant:
982 901 1063 982 quasi
1081 900 1206 963 habitare
1326 953 1329 962 .

96 987 156 1046 illic
176 982 254 1042 soliti
271 985 369 1041 essent.
406 977 431 1039 E
451 999 468 1038 o
486 984 581 1040 autem
600 981 769 1042 conductitio
786 979 851 1041 loco
865 982 963 1064 potius,
975 1000 1042 1040 usos
1062 987 1131 1042 tuno
1149 983 1206 1064 pri-
1295 1034 1298 1045 .

97 1082 181 1122 mum
210 1061 248 1120 ad
277 1059 420 1120 cobabiiau
440 1077 487 1117 um
515 1058 600 1118 luisse
629 1058 760 1132 arbitror,
788 1060 878 1120 donee
906 1059 1047 1120 adveniret
1074 1059 1206 1142 Spiritus.

97 1141 171 1200 Plus
190 1157 276 1219 quem
294 1137 400 1197 ridiculi
418 1143 484 1197 sunt
502 1136 642 1232 Papistae,
662 1139 729 1199 dum
748 1135 825 1198 Petri
844 1140 994 1218 primatum
1012 1157 1050 1198 ex
1068 1157 1102 1198 eo
1121 1139 1207 1198 dedu·

99 1225 177 1292 cunt,
197 1219 275 1298 quod
291 1215 337 1276 hio
355 1217 462 1297 primus
481 1221 641 1276 nominatur
665 1217 737 1276 iuter
760 1216 921 1296 Apostolos.
970 1213 1151 1297 Quamquam
1173 1223 1208 1277 ut

97 1299 237 1358 fateamur
253 1296 378 1376 primum
395 1294 481 1356 luisse
499 1297 570 1354 inter
589 1293 745 1368 duodecim,
762 1315 820 1355 non
838 1301 932 1356 tamen
971 1301 1099 1376 ropterea
1111 1315 1207 1356 eonse-

97 1396 186 1456 qnens
206 1381 263 1448 est,
285 1375 339 1432 toti
357 1373 464 1434 mundo
481 1373 641 1470 praefuisse.
681 1373 802 1450 Verum,
821 1375 845 1434 si
862 1373 926 1434 ideo
945 1315 1147 1454 bpostolorum
1165 1377 1209 1435 est

95 1457 235 1594 iffi
254 1451 1004 1594 biiiimiiidlirfflmbi'lmdiiffi
1022 1453 1208 1611 ,3333

218 1574 229 1607 7
1111 1573 1121 1606 l

96 1615 125 1671 in
143 1612 275 1672 ultimum
292 1611 389 1674 lourm
408 1609 455 1670 bio
472 1611 576 1670 reiecta
595 1615 644 1669 ast
689 1607 776 1687 Quod
795 1631 814 1669 ιι
855 1632 873 1670 o
892 1611 977 1674 modo
996 1609 1155 1684 admittent,
1175 1615 1209 1670 ut

97 1698 176 1752 certe
194 1690 276 1748 nimis
296 1687 448 1748 absurdum
467 1689 547 1749 foret
578 1687 683 1767 Quare,
701 1687 902 1769 nisiPapatum
922 1709 1004 1748 suum
1018 1689 1107 1749 velint
1120 1709 1208 1770 expo·

96 1787 166 1831 uere
185 1767 311 1826 omnium
328 1767 458 1841 ludibrio,
478 1775 510 1826 ut
528 1767 662 1828 bactenus
681 1767 822 1840 ieeenmt,
842 1767 968 1827 desinant
990 1767 1091 1827 talibus
1115 1769 1208 1848 ipsum

66 1945 70 1952 ,
96 1845 693 2004 ,rnen
862 1846 973 2006 ιιι
989 1846 1208 2004 eneam

96 2002 207 2084 syllaba
225 2009 330 2076 exstat,
349 2023 421 2083 quae
440 2023 538 2064 eorum
557 2011 716 2064 commento
735 2003 909 2084 suffragetur.
952 2001 1018 2064 Non
1036 2004 1139 2063 mirum
1156 2003 1208 2084 igt-

95 2089 145 2143 tur
164 2083 188 2141 si
206 2082 273 2141 binc
291 2082 354 2142 iude
373 2089 478 2142 temere
497 2083 575 2142 locos
594 2083 736 2164 arripiant,
756 2102 836 2162 quos,
856 2083 964 2141 etiamsi
981 2101 1064 2141 nemo
1084 2081 1138 2140 illis
1157 2101 1206 2142 ex·

94 2163 194 2233 cutiat,
215 2167 315 2242 sponte
334 2164 429 2220 tarum
440 2169 464 2220 'e
482 2161 610 2222 manibus
630 2164 765 2222 amittent
803 2159 920 2236 Verum,
938 2161 993 2220 illis
1013 2161 1136 2234 omissis,
1154 2180 1206 2240 po-

93 2243 149 2300 tius
169 2240 351 2300 observemus
374 2237 467 2299 Lume
491 2241 647 2301 eonsilium.
698 2239 840 2318 Quoniam
863 2241 981 2320 turpiter
1004 2239 1171 2320 diffugerant
1188 2257 1207 2298 a
1248 2295 1250 2305 ,

93 2317 208 2380 Christo
229 2319 368 2398 discipuli,
387 2325 415 2376 et
434 2319 536 2399 dilapsi
554 2320 674 2394 strarant,
694 2340 751 2402 quo
770 2339 836 2379 suus
857 2339 940 2399 quem
981 2337 996 2378 e
1015 2320 1100 2379 timor
1117 2335 1206 2398 expu·
1245 2337 1250 2346 ·

92 2399 174 2474 terat,
192 2397 374 2457 merebantur
392 2387 535 2478 tamquam
555 2399 708 2460 desertores
727 2403 776 2458 aut
793 2397 928 2480 perlegas
967 2417 1054 2457 onore
1075 2395 1205 2456 abdicari.

93 2475 187 2557 Ergo,
215 2483 250 2535 ut
273 2477 391 2536 ισίιιιιιιι
413 2479 515 2537 iterum
541 2480 677 2559 auspiciis¹
694 2477 811 2537 Domini
835 2477 869 2536 de
892 2479 1000 2557 integro
1019 2475 1152 2536 collectos
1171 2494 1206 2536 ae

94 2557 240 2616 restitutos
259 2556 289 2614 in
308 2575 389 2615 suum
408 2557 534 2638 gradum,
553 2555 643 2617 Lucas
662 2558 834 2638 singulorum
854 2557 967 2616 uomina
986 2556 1125 2636 exprimit.

175 2633 222 2696 14.
264 2637 335 2694 Gran
353 2639 501 2698 mor-unu.
540 2637 598 2696 Alii
616 2635 746 2697 Mulieres
770 2643 896 2713 vertunt,
921 2641 950 2698 et
968 2641 1068 2720 putant
1088 2653 1134 2694 eas
1157 2633 1204 2694 de·

95 2713 198 2794 signari
217 2731 289 2792 quae
307 2713 419 2774 fuerant
438 2713 542 2774 Christi
561 2717 685 2777 comites.
723 2715 798 2798 Ego,
817 2726 850 2780 ut
868 2717 956 2780 nolim
976 2738 1040 2777 cum
1051 2733 1205 2856 ἰἣιιοιιιιιιιι
1265 2783 1271 2790 ,

94 2793 130 2850 de
149 2791 203 2850 bae
220 2811 253 2850 re
270 2793 370 2867 rixari,
399 2794 439 2852 ita
461 2795 601 2872 praeferre
619 2815 678 2856 non
696 2795 821 2859 dubitavi
844 2797 921 2878 quod
944 2795 1051 2879 probab
1082 2815 1115 2855 us
1141 2811 1204 2853 esse

93 2869 257 2930 iudicabam.
306 2869 409 2931 Fateor
432 2879 554 2953 utroque
576 2875 661 2936 modo
681 2897 764 2958 posse
783 2879 870 2958 accipi
889 2877 1005 2937 verbum
1025 2875 1102 2956 quod
1121 2894 1203 2934 usur-

93 2955 142 3029 pat
160 2947 260 3010 Luuas
303 2948 426 3027 Verum,
455 2969 506 3010 cur
524 2953 559 3012 de
578 2955 713 3014 uxoribus
732 2957 812 3036 loqui
830 2963 942 3036 putem,
971 2957 1041 3017 baeu
1059 2956 1130 3014 ratio
1150 2959 1204 3025 est,

92 3027 172 3166 {could
195 3047 285 3183 psum
307 3047 411 3088 uxores
435 3049 499 3090 suas
524 3033 730 3093 circumducere
753 3041 852 3114 postea
879 3033 953 3092 soliti
980 3033 1101 3107 inerint,
1130 3038 1204 3091 teste

118 3126 136 3166 a
166 3126 186 3165 o

216 3107 239 3166 b
259 3106 329 3168 Cor.
345 3111 379 3182 9,
398 3110 455 3187 5.),
472 3129 532 3170 nou
550 3117 593 3171 est
611 3113 761 3172 verisimile
779 3112 865 3171 luisse
887 3118 956 3170 tuuc
975 3111 1087 3172 divisos.
1110 3109 1204 3170 Multo
1286 3112 1291 3130 ¹

94 3186 172 3244 euim
190 3184 297 3244 taedius
316 3193 374 3248 erat
391 3207 449 3246 uno
468 3189 499 3247 iu
517 3190 581 3250 looo
591 3193 742 3270 messere,
761 3209 847 3270 quiam
865 3189 1066 3270 peregrinando
1086 3187 1203 3247 subinde

94 3269 207 3322 mutare
224 3263 327 3324 locum.
364 3263 487 3340 Deinde,
511 3287 561 3328 eur
578 3271 768 3350 propinquum
787 3267 907 3350 Spiritus
931 3267 1082 3327 adventum
1104 3284 1202 3346 exspe-

94 3347 220 3414 ctantes,
239 3345 310 3402 tanti
328 3342 542 3442 boniusooietate
564 3367 667 3408 uxores
691 3349 865 3444 privassent?
901 3343 988 3443 Petro
1012 3365 1086 3406 uxor
1108 3344 1204 3438 futura

90 3421 261 3560 ffrttitupsbiblg
275 3423 778 3586 affimpopfflapaffitrpp
802 3421 1204 3578 ‘ebcbmibbbegdbffldellileeerrbbretf
1246 3501 1253 3508 ’

91 3575 166 3655 Quis
184 3598 254 3659 ergo
273 3578 368 3640 credat
389 3583 476 3644 fuisse
499 3603 517 3643 a
541 3585 647 3643 maritis
670 3583 812 3657 exclusas,
841 3583 909 3642 dun
928 3581 1050 3662 Spiritus
1069 3581 1203 3640 virtutem

90 3659 272 3736 exspectant?
311 3657 398 3736 Quod
421 3663 567 3722 sinomen
586 3662 713 3742 generale
730 3665 849 3722 retinere
872 3663 992 3743 placeat:
1017 3659 1117 3720 saltem
1135 3679 1203 3720 oon·

92 3737 102 3816 j
191 3738 220 3796 in
236 3757 357 3798 numero
376 3742 496 3816 censeri,
525 3743 626 3802 rationi
649 3748 866 3803 cousentaneum
888 3748 939 3800 est.
982 3737 1134 3820 Utcumque
1156 3739 1202 3812 ⁸5¹2

91 3833 134 3874 vo
145 3813 187 3873 uit
204 3813 292 3876 Lucas
316 3817 406 3878 obiter
427 3841 480 3880 nos
504 3839 620 3894 monere
644 3829 781 3902 quantum
804 3821 904 3882 mutati
926 3825 1019 3879 essent
1045 3820 1075 3878 in
1102 3817 1202 3878 melius

90 3893 190 3952 animi.
236 3892 307 3956 Nam
332 3917 421 3976 quum
444 3899 498 3958 viri
520 3907 585 3958 ante
608 3907 687 3961 metu
705 3899 826 3981 perculsi
845 3899 993 3980 fugissent,
1021 3916 1098 3958 nune
1116 3895 1202 3957 simul

90 3991 160 4110 ffiu
178 3973 245 4052 ipsis
264 3976 400 4071 collectae
408 3985 484 4074 ‘sunt
505 3979 650 4076 mulieres,
662 3999 693 4076 οιι
748 3979 904 4060 perieulum
927 3977 1018 4036 ullum
1040 3973 1201 4076 formidant.

88 4057 213 4192 loom
227 4051 343 4194 abbbbsmsokl
350 4055 496 4198 dputptngrt
510 4057 900 4212 Sbbbrbmodrbuesffs’utqbbbb,
914 4055 1111 4198 tbblgnuibbobb
1129 4075 1202 4198 lenge

87 4227 144 4302 pus
162 4217 362 4272 couvenerant.
400 4212 503 4276 Postea
521 4236 580 4277 non
599 4215 716 4278 dubium
738 4222 794 4290 est,
823 4217 892 4296 quin
915 4217 962 4275 alii
985 4215 1040 4276 alio
1063 4219 1199 4299 migrave-

87 4293 175 4430 ffifl
194 4287 261 4430 ὃιέὶε
269 4293 538 4436 ftfflwmim
556 4295 695 4378 quoslibet
717 4301 849 4378 cognatos
868 4293 904 4356 ab
923 4292 1056 4358 Hebraeis
1075 4314 1199 4377 eompre-

193 4387 226 4432 οι
279 4390 301 4432 u
