2810 4850
148 269 152 274 ·
202 259 240 323 74
580 260 618 319 iti
643 193 784 322 13lest
803 259 933 322 lOANN.

203 385 325 436 restored.
366 375 482 436 Vidclou·
502 359 591 436 cultiles
610 385 704 436 laxare
720 375 847 437 Christus
866 379 1020 436 natalicium
1038 380 1229 462 pudcadlam
1242 403 1317 523 {pepp

57 481 63 486 -
169 505 173 510 .
200 462 301 594 postea
320 455 417 536 erupit
447 451 557 514 seusus
575 456 651 544 enim
670 473 755 535 ([ιιιιιι
772 453 913 538 pugnaces
932 463 961 516 et
980 459 1154 534 contentiosi,
1173 467 1241 542 pate

227 533 369 620 vangelio,
390 533 494 594 suerint
507 533 605 594 ¹ludaei
624 535 652 594 in
671 535 781 595 tuendis
806 538 969 596 wemoniis
995 537 1095 618 quibam
1120 549 1318 601 assueverant:

130 645 133 665 ι
202 630 364 696 quanquam
382 613 559 694 latiospotet
578 613 648 674 haec
667 615 812 674 sententia.
857 613 933 693 Quia
955 618 1032 676 enim
1054 613 1158 678 sciebat
1176 621 1319 680 mrmdum
1395 671 1396 674 ι

80 765 83 774 ,
202 713 220 755 a
239 691 477 775 superstitionibus
495 701 641 773 nunqnam
660 710 763 774 purum
781 694 853 768 sore3
871 695 933 755 ideo
952 697 1016 776 pios
1034 702 1063 756 et
1081 703 1174 758 melos
1193 700 1318 759 coritores
1395 765 1396 772 χ

78 780 81 794 ·
181 811 182 814 =
201 790 218 833 a
237 773 375 853 perversis
386 778 422 832 ei
440 771 512 832 fictis
532 778 665 854 segregat.
697 770 764 850 Quo
783 775 942 835 testimomo
961 776 1099 850 instructi,
1118 775 1246 858 Papisius
1265 778 1319 838 da-

200 863 298 913 muare
316 852 346 911 in
364 852 421 910 suis
440 851 569 911 omuibus
581 851 727 934 *figmentis
745 858 774 913 et
791 850 891 914 eonem
909 847 1013 934 prob'ra
1028 861 1209 916 contemnere
1218 877 1257 916 na
1266 857 1318 916 du·
1395 883 1396 886 ¹

198 929 328 992 mmmm.
378 929 456 1008 Quid
474 932 549 990 enim
567 926 748 992 metuendum
760 921 837 1010 est„
891 953 940 992 um
963 933 1093 994 andimus
1117 935 1230 1016 placere
1252 934 1317 996 Deo

197 1011 308 1070 nudum
323 1010 402 1069 bunc
421 1017 449 1070 ci
467 1011 621 1092 simplicem
645 1010 768 1085 cultum,
792 1011 842 1092 qui
906 1014 986 1093 pistis
1009 1013 1072 1074 ideo
1097 1014 1241 1095 despectui
1264 1021 1315 1089 est,

200 1091 267 1170 quin
286 1091 505 1149 ceremoniarum
526 1091 654 1171 congerie
672 1109 730 1151 nou
748 1093 861 1172 turget?
884 1099 914 1152 et
932 1093 1001 1174 quid
1018 1093 1073 1153 illis
1092 1095 1209 1173 prodest
1227 1095 1316 1154 iuums

199 1171 290 1228 carnis
309 1169 449 1250 splendor,
468 1189 526 1250 qno
546 1167 674 1230 Chmstus
690 1176 811 1232 aanor
829 1168 966 1252 Spiritum
984 1173 1146 1254 exsfiugui‘i
1181 1159 1261 1252 Quid
1281 1171 1317 1232 sil

198 1247 295 1308 Deum
318 1249 460 1310 solereio
480 1253 790 1329 sparsissemus,
812 1269 850 1324 ex
873 1252 1063 1332 superioribus
1086 1251 1205 1313 dilucide
1227 1257 1317 1332 patet,
1395 1255 1396 1266 ¹

198 1347 315 1408 nempe,
334 1328 432 1388 ablatis
450 1335 578 1388 veterum
596 1327 701 1389 rituum
720 1329 886 1401 involueris,
904 1331 1075 1412 simpliciter
1092 1333 1211 1391 retinere
1236 1331 1317 1411 quod
1395 1377 1396 1384 ι

198 1407 342 1502 spirituale
361 1413 403 1467 est
421 1409 451 1466 in
469 1405 526 1468 Dei
545 1408 630 1468 cultu.
660 1406 739 1468 Nam
752 1410 854 1468 veritm
874 1408 961 1470 divim
980 1411 1074 1470 cultus
1091 1411 1122 1469 in
1132 1409 1240 1492 Spiritu
1249 1429 1318 1470 con·
1395 1407 1396 1416 ’

198 1487 280 1562 sulit,
298 1487 471 1560 ceremoniae
489 1493 584 1548 autem
603 1487 736 1568 quiddam
754 1495 834 1548 eram
852 1488 1050 1550 adventicium.
1079 1487 1175 1570 Atque
1189 1488 1236 1548 hie
1254 1509 1318 1548 mn

198 1585 246 1626 sus
264 1567 420 1628 noandum
439 1572 495 1642 cst,
523 1587 581 1628 non
601 1566 720 1626 mulceri
738 1569 886 1628 veritatem
905 1587 972 1629 cum
990 1569 1150 1644 mendacio,
1181 1567 1230 1628 sed
1249 1587 1317 1628 omn
1395 1581 1396 1630 ἶ

198 1652 316 1707 externa
334 1645 487 1728 figurarum
506 1647 672 1722 sucessione,
691 1652 724 1730 ut
741 1647 778 1708 sit
795 1665 868 1728 pura
887 1647 1078 1732 simplexque,
1098 1654 1131 1709 ut
1149 1648 1317 1728 loquuntur,

197 1726 347 1808 spiritualis
366 1726 459 1785 cuitus
478 1727 639 1786 subeuntis.
1236 1758 1240 1764 ·

276 1805 324 1868 24.
343 1808 425 1867 Deus
444 1815 485 1866 est
505 1811 641 1888 Spiritus.
672 1801 856 1865 Confiunatio
875 1805 911 1866 ab
930 1807 991 1902 ipsa
1010 1803 1067 1867 Dei
1085 1813 1194 1867 natura.
1215 1803 1318 1882 Quum

196 1882 325 1945 homines
344 1903 410 1945 earo
430 1886 494 1959 sirit,
513 1903 571 1945 non
589 1886 692 1947 urinum
710 1891 754 1946 e'st
773 1886 796 1944 si
815 1885 869 1944 illis
889 1885 1109 1966 arndeantqnae
1127 1886 1252 1966 ipsorum
1272 1885 1318 1944 in-

198 1965 280 2046 genio
299 1963 478 2046 respondent.
518 1963 591 2024 Hinc
609 1963 642 2026 so
661 1971 692 2024 ut
716 1964 805 2024 multa
830 1966 1076 2026 mmminiscannrr
1098 1966 1129 2025 in
1152 1963 1231 2024 cultu
1247 1961 1317 2044 Dei,

198 2063 272 2126 quae
292 2045 477 2104 ostentatione
495 2045 593 2126 plena,
621 2043 702 2104 solidi
721 2042 791 2102 nihil
809 2040 936 2114 babent:
970 2043 1060 2124 utqui
1083 2042 1140 2104 hcc
1163 2045 1193 2103 in
1236 2044 1316 2102 nmis
1395 2103 1396 2120 p

197 2122 357 2205 expendere
376 2141 425 2183 cos
445 2121 572 2196 decebat,
596 2121 648 2202 sibi
666 2143 731 2184 cum
751 2121 816 2182 Deo
836 2124 1073 2203 essenegotium,
1093 2124 1140 2184 eui
1178 2123 1185 2140 '
1208 2123 1245 2182 'o
1264 2123 1316 2181 mi·

196 2203 252 2263 nus
272 2209 315 2264 est
329 2207 398 2263 eum
418 2209 503 2262 carcre
522 2201 665 2264 dissidium
684 2221 771 2283 qnam
790 2203 855 2283 igni,
867 2221 932 2262 cum
951 2220 1034 2282 equa
1062 2202 1141 2262 llaec
1158 2203 1220 2262 sdia
1239 2201 1316 2282 cogi·

196 2284 281 2358 tatio,
299 2281 348 2342 ubi
367 2283 402 2342 de
422 2281 539 2360 colendo
560 2280 623 2340 Deo
642 2283 748 2362 agitur,
766 2281 985 2342 adiremndnm
1002 2281 1107 2362 ingenii
1125 2281 1214 2342 nostri
1233 2281 1316 2339 lasci-

121 2431 122 2440 *
193 2363 273 2424 'viam
291 2359 420 2421 sufficere
439 2359 565 2435 debebat,
585 2359 662 2442 quod
681 2361 751 2422 adeo
770 2360 867 2421 simiis
886 2359 967 2420 nobis
984 2379 1044 2420 non
1061 2366 1114 2434 esu
1133 2365 1249 2440 atquae
1261 2378 1316 2419 no-

196 2441 240 2501 bis
258 2441 381 2500 maxime
399 2442 511 2520 placent
528 2429 568 2500 illi
591 2457 713 2500 nemeae
735 2442 792 2500 sint
816 2459 850 2502 ac
872 2439 972 2500 taedio.
1016 2437 1128 2518 Quodsi
1141 2427 1318 2520 bypocritas
1395 2433 1396 2448 ¹

196 2520 236 2580 ita
254 2523 388 2578 excocunt
406 2537 457 2578 suo
476 2517 620 2598 superbia,
644 2525 677 2578 nt
695 2517 790 2580 Deurn
813 2539 866 2580 suo
891 2519 1004 2580 arbitrio
1028 2519 1082 2579 vel*
1094 2517 1317 2616 potiuslibidini
1395 2571 1396 2582 ,

196 2595 334 2658 subiicere
357 2617 415 2656 non
438 2597 603 2672 formident,
632 2599 753 2658 sciamus
776 2605 872 2659 nmen
896 2598 969 2658 hanc
987 2597 1154 2659 modestiam
1173 2617 1231 2658 uon
1250 2597 1316 2658 nlti-
1395 2605 1396 2652 5

195 2695 276 2738 mum
293 2678 323 2736 in
342 2695 411 2737 vcro
431 2675 486 2736 liei
506 2677 583 2737 cultu
602 2675 696 2738 locum
715 2685 826 2754 tencre,
846 2685 878 2738 ut
896 2678 978 2738 nobis
998 2683 1161 2760 suspectum
1179 2679 1218 2736 sit
1236 2676 1316 2758 quod
1395 2685 1396 2722 1

196 2755 342 2818 allubescit
365 2755 520 2814 secuudum
544 2775 664 2818 earnem.
713 2755 804 2818 Porro
828 2759 895 2837 qnia
919 2757 954 2816 ad
973 2759 1034 2818 eius
1054 2757 1230 2817 altitudinem
1248 2775 1317 2815 con-
1395 2807 1396 2810 ,

196 2835 329 2906 scandere
348 2855 406 2895 nou
425 2835 498 2909 licet,
517 2837 723 2898 meminerimus
742 2837 891 2920 petendam
910 2841 971 2897 esse
990 2856 1028 2897 ex
1046 2837 1107 2898 eins
1126 2835 1212 2898 verbo
1232 2853 1316 2918 regu·

165 2947 167 2952 ·
194 2917 269 2986 lama
296 2933 353 2994 qua
377 2915 536 2994 dirigamur.
585 2913 677 2975 Locus
703 2917 749 2977 hic
767 2935 851 2998 saepe
870 2935 888 2976 a
906 2913 1036 2976 Patribus
1056 2917 1158 2976 citabrr
1176 2915 1316 2976 adversus

194 2993 315 3058 Asianos
335 2993 370 3052 ad
389 2993 561 3074 probandam
570 2993 692 3076 Spiritus
706 2997 892 3056 uicinitatem:
911 2996 961 3055 sed
980 3013 1125 3076 perperam
1144 3013 1178 3054 eo
1197 2999 1316 3074 torque-
1346 3035 1350 3040 -
1395 3065 1396 3070 γ

193 3081 256 3150 tur,
276 3073 343 3156 quia
361 3072 407 3132 bic
425 3074 587 3154 simpliciter
604 3073 767 3214 pronuntiat
786 3073 926 3149 curatus,
947 3073 1095 3156 spiritualis
1113 3077 1231 3134 naturae
1251 3091 1316 3133 csse

194 3153 308 3215 Patrem
328 3173 424 3228 sumit,
444 3153 564 3234 ideoque
582 3175 613 3215 re
633 3175 666 3215 us
684 3155 867 3252 dioclisnon
888 3143 980 3230 affici,
1002 3151 1239 3236 quemadmodum
1258 3171 1315 3234 pro

194 3251 247 3295 sna
264 3233 378 3295 levitate
395 3231 522 3295 homines
541 3234 640 3312 solent.

272 3315 320 3375 25.
340 3313 470 3372 Messius
487 3321 624 3374 catharus
644 3321 694 3375 est.
719 3312 858 3393 Quamvis
876 3314 990 3394 ἱιηρῐιια
1008 3318 1039 3373 el
1057 3312 1153 3373 multia
1172 3311 1315 3371 umoribus
1395 3327 1396 3358 t

58 3415 64 3432 ι
193 3391 403 3454 confusaesset
420 3390 495 3472 a'pnd
513 3390 704 3453 samaritanos
723 3393 830 3475 religio,
848 3393 937 3475 princi
957 3393 984 3452 ia
1003 3389 1256 3471 iamcn'quaedam
1275 3407 1314 3449 ex
1395 3403 1396 3414 ¹

192 3471 269 3554 'Lege
288 3477 400 3554 sumpta
420 3489 517 3531 eorum
536 3472 636 3534 animis
654 3471 742 3534 infixa
760 3479 854 3547 erant,
883 3411 967 3552 quale
989 3469 1047 3531 hoc
1069 3470 1123 3530 fuit
1147 3469 1183 3530 de
1201 3467 1313 3529 Messio.
1395 3485 1396 3494 ¹

192 3549 342 3620 Rrobabilc
360 3557 456 3616 antem
475 3559 528 3625 est,
545 3573 635 3632 quum
654 3551 955 3618 cxflbrisii'sermonc
973 3550 1118 3628 colligeret
1125 3547 1228 3609 mulier
1238 3547 1313 3606 inso-
1395 3577 1396 3632 3

192 3633 273 3694 litam
291 3632 476 3692 mutationem
495 3633 599 3692 instare
617 3630 760 3692 Ecclesiae
777 3629 848 3705 Dei,
871 3631 967 3691 uatim
991 3629 1110 3690 subiisse
1128 3623 1236 3690 Christi
1254 3645 1314 3686 ure-

192 3712 327 3784 moriam,
356 3711 408 3771 snb
434 3729 492 3792 quo
515 3711 637 3790 plenam'
652 3729 748 3770 mnam
772 3711 899 3770 omnium
923 3703 1313 3788 instaurationsmspcrabat.
1395 3735 1396 3748 r

192 3785 295 3926 1{prium
312 3789 441 3856 Messium
462 3789 528 3851 dicit
544 3795 706 3860 reatuum,
727 3789 762 3849 dc
780 3795 908 3872 tempore
926 3785 1211 3871 propinquoridctur
1224 3783 1316 3880 loqui.
1395 3827 1396 3858 1

218 3871 327 3926 tecue
343 3869 440 3927 multis
460 3888 492 3928 ar
512 3868 631 3928 umentis
649 3868 715 3926 satis
735 3873 860 3945 constat,
883 3869 989 3950 passim
1011 3874 1081 3927 tune
1100 3871 1209 3938 erectos
1227 3863 1314 3934 forme
1395 3877 1396 3920 t

195 3945 322 4006 omnium
346 3948 453 4007 animos
501 3940 835 4027 esdablexapccialicnc,
862 3949 914 4028 qul
938 3947 1022 4008 rebus
1046 3947 1149 4008 misere
1172 3943 1312 4024 collapsis,
1395 3959 1396 4010 ζ

193 4025 253 4084 imo
271 4023 386 4102 perditis
405 4031 587 4086 succurreret
626 4023 690 4086 Hoc
709 4027 823 4108 quidem
841 4034 922 4086 exus
941 4027 1168 4086 conburendum
1181 4028 1232 4098 est,
1251 4039 1313 4081 mu·

194 4103 293 4164 liersm
312 4099 455 4200 Chpistmp
474 4105 548 4166 Mosi
565 4111 595 4200 et
613 4103 763 4200 Prophetis
783 4105 912 4200 omnibus
931 4107 961 4165 in
981 4104 1101 4166 domnii
1119 4099 1215 4163 officio
1233 4117 1313 4194 prae—

194 4181 214 4244 l'
269 4225 276 4240 .
314 4179 379 4240 Tua
398 4201 472 4244 curm
491 4201 588 4266 paens
607 4183 700 4244 verbus
723 4184 873 4266 complecto
921 4228 929 4244 .
977 4181 1089 4257 Primo,
1107 4179 1192 4262 Legis
1212 4179 1315 4240 doctar-

194 4281 262 4322 nnm
281 4279 338 4320 non
357 4259 443 4321 friso
462 4265 585 4323 numeris
604 4262 734 4324 omnibus
752 4263 921 4340 absolutam,
940 4263 990 4324 sed
1007 4262 1065 4323 illic
1073 4259 1233 4322 rudimenta
1242 4257 1313 4316 dun-
1395 4265 1396 4342 l

195 4345 274 4400 taxm
292 4339 377 4409 fuisse
395 4339 504 4400 tradita.
528 4341 588 4402 Nisi
607 4343 683 4402 enim
694 4341 937 4426 ulteriorquidnm
948 4342 1048 4402 inisset
1060 4357 1236 4438 progressus,
1254 4355 1314 4396 ²¹⁰¹!
1395 4347 1396 4404 l

195 4419 303 4492 diceret
319 4415 451 4479 blaseium·
468 4423 697 4482 aununfiaturum
716 4423 820 4483 omniu
850 4419 902 4482 Est
920 4422 995 4484 enim
1013 4427 1101 4482 tauta
1118 4425 1193 4480 mter
1206 4433 1272 4478 cum
1285 4420 1315 4476 ei
