2818 4848
182 239 243 306 186
406 241 409 247 ’
515 289 517 296 s
568 227 919 297 unvisamma.

182 349 294 432 delmi,
313 347 382 430 quin
400 344 515 407 undem
533 347 694 428 praevalen
711 350 796 410 toties
815 367 849 410 ec
867 353 926 408 lam
945 347 1160 414 submissius
1183 367 1202 408 a
1226 349 1309 411 nobis

182 431 295 490 cerias.
333 426 510 486 lneuudsm-
523 429 640 490 mudum
659 428 802 489 Pharisaei
827 427 975 509 plausibile
998 429 1133 489 adversus
1158 428 1310 492 Christum

182 511 295 572 axioma
314 505 468 580 sumebant,
488 503 553 567 Nou
572 527 634 569 esse
653 528 670 569 a
689 507 754 568 Deo
773 509 902 588 quisquis
921 505 1068 566 sabbatum
1086 527 1145 568 nou
1160 507 1309 569 servabat:
1406 567 1407 570 ,

182 590 233 650 sed
250 589 347 666 inique
365 593 395 646 ct
413 585 486 645 falso
506 605 577 668 opus
597 587 652 648 Dei
671 587 812 648 iactabant
824 586 937 646 sabbati
955 605 1016 646 esse
1034 587 1226 647 violationem.
1406 595 1407 660 ἶ

184 681 207 692 ”
261 670 307 729 16.
325 668 502 740 'Qaw'anodc
517 677 614 748 puteal
633 671 718 728 borno
735 677 880 748 meatur.
919 665 1057 726 Peccator
1074 667 1129 738 hie,
1148 669 1223 726 sicul
1241 668 1308 728 aliis
1406 671 1407 682 ²

181 746 307 829 pluribus
326 745 397 805 locis
415 759 470 826 pru
490 748 624 807 scelerato
643 746 737 808 etDri
756 753 950 827 contemptore
969 747 1101 820 ιιιιιιίῑιιιί
1120 743 1218 826 Quare
1237 766 1307 806 cum

83 853 87 864 =
179 826 336 909 publicanis
361 826 609 906 etr-peccatoribus
633 827 691 887 edit
717 825 849 922 magister
872 827 985 885 vester?
1014 823 1071 884 hue
1093 833 1137 885 est
1160 827 1261 906 impiis·
1276 832 1309 884 et
1406 857 1407 862 κ

179 907 323 988 flagitiosis
342 905 510 979 bominibus,
530 925 652 986 quornm
662 905 748 988 vulgo
768 907 878 968 infimis
898 903 1308 1000 calumniamus-zib).

179 985 253 1047 Nam
273 1005 310 1044 ex
327 985 435 1044 sabbati
451 986 606 1045 violatione
625 985 794 1066 colligebant
819 985 914 1045 hostes
935 983 1051 1044 Chusli
1067 985 1221 1064 preiansuu
1245 1005 1308 1044 esse

178 1067 279 1148 ipsum
293 1065 437 1140 huminem
455 1071 486 1125 el
505 1067 582 1125 omisi
601 1065 735 1146 religione
754 1083 885 1126 vacuum.
933 1064 984 1124 Isti
1009 1071 1121 1136 malcas
1152 1065 1202 1144 qui
1222 1065 1308 1124 medii

180 1153 248 1206 sunt
266 1151 296 1205 et
314 1145 432 1224 nequius
442 1144 583 1218 induant,
603 1147 681 1226 pium
698 1153 732 1204 et
748 1145 909 1224 religiosum
929 1143 1072 1204 hominem
1090 1163 1156 1203 esse
1169 1149 1308 1218 statuuat,

177 1227 230 1306 qul
249 1225 285 1284 ad
305 1224 412 1286 edenda
430 1226 566 1284 nsiraeula
585 1227 686 1305 insigni
695 1223 754 1284 Dei
770 1223 875 1284 virtute
894 1225 930 1282 sit
943 1225 1105 1283 instructus.
1132 1220 1307 1302 Quanquam

178 1305 325 1385 nonsatis
343 1302 588 1363 firmum··videlur
606 1311 812 1384 argumentum.
850 1301 925 1362 Nam
943 1310 973 1362 et
990 1301 1245 1384 pseudoprophetis
1263 1303 1306 1360 in-

178 1383 291 1444 terdum
309 1382 393 1443 Deus
409 1385 548 1464 permitiit
566 1385 645 1464 signa
665 1384 804 1464 quaedam
822 1383 915 1454 edere,
935 1388 965 1442 et
983 1379 1243 1442 scimasSalanam
1261 1381 1303 1440 in·

59 1460 63 1486 ⁸
176 1471 238 1524 star
257 1465 356 1523 simiae
373 1463 430 1523 Dei
450 1483 536 1545 opera
555 1465 657 1522 imitari
677 1470 715 1522 ue
733 1465 862 1523 incautos
884 1461 973 1524 dailai.
1018 1461 1080 1520 imo
1105 1460 1191 1520 refert
1213 1458 1304 1520 Tran-

154 1612 156 1626 s
177 1543 293 1624 quillus,
314 1563 403 1624 quum
412 1543 601 1624 Vespasianus
620 1545 649 1602 in
660 1543 831 1602 Alexandria
849 1549 925 1603 esset
942 1560 978 1602 ac
995 1541 1040 1601 ins
1055 1536 1304 1600 iumeslioioreex

177 1623 312 1683 tribunali
331 1623 445 1696 diceret,
464 1630 596 1704 rogatum
615 1635 738 1682 a'coecn
755 1623 851 1684 luisse
863 1628 897 1682 ub
914 1619 1195 1702 spntnueinsuculos
1214 1618 1305 1678 illine-

69 1719 72 1731 ·
177 1710 234 1763 ret:
255 1703 311 1762 buc
329 1704 485 1763 remedium
505 1723 520 1762 a
540 1702 676 1783 Serapide
695 1702 748 1762 sibi
767 1705 796 1761 in
815 1702 923 1762 somnis
941 1705 1131 1760 menstratum
1148 1717 1221 1758 esse.
1246 1696 1304 1758 Ve-

178 1782 355 1864 spasianum,
385 1785 459 1863 quia·
475 1790 580 1842 lemene
605 1781 727 1842 ludibrio
744 1799 886 1862 exponere
905 1797 935 1840 se
954 1780 1057 1852 nudet,
1086 1783 1252 1839 cunctanter
1275 1783 1305 1836 et

175 1869 178 1878 “
280 1881 316 1922 eo
334 1863 487 1924 adductum
507 1879 576 1921 esse.
606 1861 706 1940 Quum
720 1857 814 1920 lamen
825 1861 950 1941 undique
960 1859 1043 1919 aurici
1052 1861 1198 1929 instarem,
1217 1875 1303 1916 coece

175 1943 196 2002 d
233 1945 288 2002 isse
307 1941 385 2022 quod
404 1942 530 2024 petebat,
560 1948 645 2022 atque
668 1943 708 2000 ita
733 1947 849 2021 repenle
873 1945 985 2078 ppertos
1010 1939 1095 1998 inisse
1114 1939 1175 1997 eius
1195 1936 1303 1996 oculos.

178 2021 252 2100 Quis
272 2021 476 2102 Vespasianum
496 2043 548 2102 pro
569 2029 645 2080 terea
665 2021 739 2080 brier
758 2039 854 2080 servos
905 2020 932 2078 ei
956 2023 1098 2091 numenei,
1124 2017 1172 2076 vel
1191 2015 1305 2096 pietalis

173 2103 261 2163 laude
280 2120 347 2165 cnm
366 2103 515 2182 insigrriat‘?
561 2099 713 2180 espondeo,
733 2099 808 2181 apud
827 2101 890 2180 pios
910 2095 1006 2159 echi
1025 2099 1154 2157 limentes
1168 2095 1305 2154 muscula

173 2180 305 2250 indubiis
324 2201 386 2241 esse
405 2183 550 2262 polentiae
568 2181 692 2260 Spiritus
710 2180 800 2240 seneli
817 2185 954 2240 tesserms
970 2178 1019 2238 sed
1037 2178 1112 2236 iusto
1122 2175 1179 2236 Dei
1196 2174 1303 2248 indicio

173 2261 245 2337 lieri,
264 2268 298 2320 ut
312 2263 453 2324 miraculis
467 2261 613 2320 fallacibus
628 2259 787 2319 incredulos
801 2279 859 2318 nen
874 2277 957 2317 secus
971 2275 1004 2316 ac
1017 2255 1171 2392 praestipils
1187 2253 1303 2314 deludat

170 2341 273 2400 ⁴Salen.
320 2339 406 2418 stud
431 2360 468 2400 ex
488 2340 625 2398 Suetonio
642 2357 735 2420 nuper
752 2339 850 2412 retuli,
879 2357 939 2396 non
957 2343 1026 2418 puto
1045 2353 1107 2395 csse
1135 2333 1301 2392 abuiusur'nz

175 2421 225 2495 sed
244 2423 334 2480 inulae
354 2423 448 2500 polius
468 2419 524 2478 Dei
543 2419 683 2479 modiciae
702 2419 758 2478 hoe
777 2417 900 2491 ascribo,
924 2416 1003 2496 qnod
1022 2433 1110 2496 quum
1128 2419 1175 2472 tot
1192 2417 1223 2471 et
1240 2417 1304 2471 lam

171 2499 446 2582 praeclaravaristi
472 2499 606 2558 miracula
631 2519 648 2558 a
673 2497 782 2558 Indaeis
806 2504 918 2557 conum
938 2503 969 2555 ta
994 2501 1102 2567 esseni,
1130 2491 1246 2552 andem
1270 2496 1306 2550 ut
1406 2525 1407 2538 ι

175 2581 270 2640 meriti
289 2585 369 2640 erant
389 2579 424 2638 ad
435 2577 567 2638 Seianam
589 2579 693 2637 luerint
712 2579 839 2658 ablegali.
866 2517 1035 2636 iniremus
1052 2575 1128 2634 enim
1142 2592 1187 2632 -ex
1196 2569 1303 2630 Christi

169 2659 317 2720 miraculis
335 2659 365 2718 iu
384 2677 457 2740 puro
477 2657 631 2716 Deicullu
651 2658 802 2738 prolicere,
826 2659 856 2716 in
879 2654 962 2736 [egis
987 2655 1114 2716 docuina
1133 2649 1302 2724 confirmari,
1406 2701 1407 2710 ,

168 2746 204 2800 ‘el
224 2757 370 2818 assurgam
388 2737 425 2797 ad
444 2737 575 2797 Messium
594 2739 688 2818 ipsum
708 2740 759 2818 qui·
775 2738 839 2796 finis
859 2743 918 2796 erat
935 2733 1028 2816 Legis.
1045 2789 1050 2802 ,
1068 2731 1107 2793 Et
1126 2738 1202 2792 certe
1221 2729 1301 2790 Cleri·

174 2826 235 2880 scus
255 2829 373 2878 coecum
391 2817 577 2878 ilhrminando
596 2837 627 2876 se
647 2817 777 2878 Messinm
796 2835 858 2876 esse
877 2816 952 2875 clare
971 2819 1090 2874 mustus
1109 2813 1211 2872 inerat.
1241 2807 1303 2887 Qui

173 2899 270 2960 Deum
288 2899 319 2957 in
338 2897 395 2958 suis
416 2897 547 2978 operibus
566 2913 717 2980 agnuscere
736 2903 874 2978 recusant,
894 2915 983 2990 quum
1003 2913 1062 2952 non
1076 2889 1303 2952 modosoeordia

173 2979 224 3038 sed
238 2978 378 3039 malitioso
395 2985 560 3057 contemptu
574 2984 713 3052 recusent,
727 2994 820 3038 aunon
837 2975 917 3056 digno
928 2979 995 3033 sunt
1004 2991 1078 3052 quos
1089 2971 1170 3031 lleus
1180 2969 1301 3028 Saureae

167 3057 288 3120 'fallaciis
313 3058 459 3118 subiiciat?
498 3058 706 3118 Meminerimus
731 3075 798 3138 crgo
822 3053 918 3114 Deum
942 3054 1052 3112 siucero
1072 3051 1170 3110 cordis
1192 3047 1302 3108 ellectu

172 3139 367 3278 pdaereudum
386 3157 461 3210 esse,
491 3145 525 3199 nt
543 3135 623 3198 uubis
643 3137 770 3218 Spiritus*
791 3137 834 3195 sni
857 3136 963 3194 vistula
986 3151 1018 3192 se
1036 3130 1204 3269 patefaciat:
1234 3125 1300 3187 ube·

103 3243 112 3270 ι
192 3221 282 3298 ienter
301 3219 362 3278 eius
381 3217 469 3278 verbo
489 3217 661 3300 praebendas
681 3235 743 3276 esse
762 3233 858 3286 aures,
881 3219 915 3272 ui
933 3229 1018 3270 veros
1062 3209 1197 3292 rophetas
1216 3207 1301 3267 mira·

172 3299 244 3360 culis
262 3318 322 3358 non
340 3297 486 3359 fallacibus
506 3299 635 3358 distincte
653 3303 735 3357 notet
754 3315 788 3354 ac
806 3295 941 3374 designet.
980 3291 1022 3350 lla
1034 3289 1092 3350 ¹fici
1111 3295 1144 3350 ni
1163 3307 1213 3348 sua
1224 3283 1302 3380 apud

168 3398 224 3440 nos
242 3379 386 3439 miraculis
404 3377 509 3438 uilitas
528 3383 649 3448 coristel,
668 3395 721 3436 nec
740 3376 862 3434 Satanae
881 3371 1044 3452 imposturis
1064 3371 1152 3428 sinum
1171 3367 1299 3428 obnoxn.

169 3458 258 3538 Quod
279 3459 314 3520 ad
333 3461 403 3518 istos
422 3460 551 3540 pertinet,
570 3457 681 3518 tameat
700 3456 756 3515 hoc
775 3453 863 3535 probe
881 3451 997 3524 faunus,
1017 3447 1141 3530 quudde
1155 3441 1298 3506 adseculis

168 3541 198 3600 in
219 3539 321 3620 quibus
340 3546 459 3620 apparel
477 3537 532 3597 Dei
552 3537 678 3618 palentia
697 3541 858 3595 reverenter
876 3533 1042 3614 loquuntur,
1060 3545 1118 3587 nun
1137 3534 1233 3584 tamen
1252 3538 1297 3581 sa-
1406 3539 1407 3554 ι

167 3621 204 3680 lis
224 3621 347 3680 validam
366 3620 541 3678 rationemo
583 3622 681 3690 annul,
701 3633 753 3675 eur
772 3611 928 3674 censendus
947 3611 985 3670 sit
1003 3607 1131 3667 Christus
1149 3603 1206 3662 Dei
1226 3599 1298 3660 Pro·
1406 3679 1407 3688 ἵ

167 3700 263 3782 pheta.
313 3692 413 3778 Neque
441 3699 525 3758 etiem
575 3715 630 3754 van
665 3695 730 3754 lisia
753 3714 807 3775 pro
830 3691 945 3752 omeulo
970 3687 1065 3748 haberi
1083 3683 1177 3743 voluit
1195 3696 1300 3777 eurum

167 3797 349 3860 responsum:
368 3784 478 3838 tantum
497 3777 613 3858 impiam
654 3775 757 3834 ostium
772 3772 877 3834 Christi
896 3767 1104 3832 contumaciam
1122 3765 1151 3823 in
1171 3761 1301 3821 medinm

167 3860 276 3939 profert
300 3859 362 3939 qui,
391 3857 530 3917 malitiose
554 3856 585 3914 in
609 3853 770 3934 cobspieuis
789 3851 844 3912 Dei
865 3849 998 3946 operibus
1018 3844 1096 3928 qnod
1115 3848 1234 3940 carpant
1252 3859 1299 3900 eu-
1406 3861 1407 3938 p

166 3943 288 4019 plantes,
307 3957 345 3999 nc
364 3937 501 3996 admoniti
520 3934 635 4015 quidem
654 3934 797 4014 paulisper
815 3931 979 3994 subsistunt.
1008 3929 1050 3989 El
1070 3927 1213 3984 dormio
1233 3929 1299 3982 aar
1406 3957 1407 3986 p

167 4025 245 4080 inter
263 4039 320 4076 eos.
360 4015 520 4076 Pessimum
539 4016 569 4073 in
587 4011 714 4072 Ecclesia
722 4013 779 4074 Dei
798 4019 828 4073 et
846 4011 970 4072 maxime
988 4007 1108 4067 noxiam
1127 4003 1236 4062 melum
1253 4005 1300 4059 est

167 4096 301 4156 sabianus
321 4097 372 4176 qui
389 4095 424 4155 fic
442 4113 511 4178 ergo
530 4099 563 4153 ut
573 4091 702 4153 Christus
722 4091 878 4154 discordiae
897 4089 1044 4151 materiam
1063 4085 1138 4143 inter
1156 4078 1300 4162 ipsosEc·
1406 4113 1407 4124 ι

167 4176 269 4236 clasiae
288 4175 419 4234 docteres
439 4174 575 4236 seminet?
593 4171 752 4254 Responsio
770 4174 860 4233 facilis
880 4177 930 4242 est,
951 4187 1007 4227 non
1019 4165 1106 4224 alium
1118 4159 1299 4221 inisseChri·
1406 4227 1407 4238 χ

168 4261 212 4316 elo
231 4254 327 4329 finan,
346 4255 400 4314 nisi
419 4260 453 4312 ut
472 4271 569 4313 omnes
589 4254 671 4332 quasi
689 4260 820 4333 porrecta
840 4269 925 4310 manu
940 4247 977 4306 ad
996 4245 1093 4304 Deum
1113 4241 1230 4301 Patrem
1250 4237 1300 4298 sd·
1406 4239 1407 4260 ³

166 4336 290 4394 duceret.
330 4331 476 4393 Dissensio
495 4338 590 4392 aulem
609 4351 646 4390 ex
665 4351 764 4396 eorum
783 4331 888 4389 oralilia
907 4334 970 4386 orla
990 4331 1040 4395 est,
1061 4322 1166 4400 quibus
1186 4321 1301 4415 anirnrrs
1406 4327 1407 4350 ι

166 4425 224 4477 bon
244 4421 305 4477 erat
329 4413 366 4475 ad
390 4410 485 4474 Deum
509 4409 651 4474 accedere,
700 4409 859 4471 Sebismnle
881 4425 950 4488 ergo
974 4401 1107 4466 scindunt
1130 4399 1299 4473 Ecclesnm
