2818 4848
13 4471 15 4568 l
99 4555 104 4562 .

75 3446 79 3460 Ι
152 3409 156 3415 ,
177 3369 284 3427 seutiae
307 3371 404 3430 relerri
427 3371 526 3446 debet,
555 3378 601 3436 eni
621 3375 739 3436 muralis
759 3375 852 3436 cultus
872 3382 902 3434 et
920 3381 1105 3456 sumptuosus

176 175 235 292 ose
566 187 915 304 mortuorunm.

92 307 97 328 ἣ
128 389 130 393 .
178 343 234 402 tius
253 341 371 403 dixisset
389 357 474 420 quam
492 339 548 402 boe
567 344 728 423 sepulturae
746 359 814 402 suae
833 327 951 400 uarum!
968 335 1005 399 nt
1022 343 1099 400 certe
1109 337 1192 402 Deus
1207 345 1297 402 extus

178 439 231 506 nas
246 430 368 559 pompas
386 440 444 482 non
464 429 596 482 moratur.
627 423 687 482 lmo
707 443 795 502 quum
814 421 897 480 nimis
917 419 1038 500 proclive
1057 420 1094 478 ad
1113 421 1245 480 carnales
1264 423 1303 480 ri-

180 499 234 564 tu's
267 501 366 560 omrni's
384 501 527 579 ingenium
546 519 608 561 esse
621 503 723 575 videat,
743 499 860 560 subinde
870 519 922 559 nos
932 503 961 558 in
972 497 1024 556 illis
1037 518 1136 578 parcos
1150 507 1180 559 et
1190 499 1303 561 sobrios

97 631 106 666 ,Ι
135 642 137 651 ,
180 597 243 640 esse
261 577 345 664 iubet.
370 577 467 656 Quare
480 582 652 660 praeposteri
663 589 729 641 sunt
740 574 914 660 interpretes,
935 579 985 657 qui
996 597 1033 635 ex
1042 577 1147 638 Christi
1160 597 1303 660 responso
1395 601 1396 616 r

72 681 77 694 ¹
181 659 313 738 inierunt,
332 655 448 718 Placere
456 655 521 718 Dec
540 667 722 798 sumptuosos
740 667 771 719 ei
788 657 950 739 magnificos
970 657 1076 716 cultus:
1095 678 1184 737 qutun
1202 656 1303 740 potius

182 737 452 876 Marbmuemaerb
480 759 516 797 eo
536 737 956 878 ‘11⁰⁰d.⁰l}ti³⁰fdi¹¹³ri¹¹m.⁸idi
976 736 1304 876 effigiumbpraclstiticrit,

181 834 419 975 dilatimini?
451 837 650 977 &tutin
666 834 1151 976 ttttltmsitttlgtltit:
1166 837 1306 975 stiffi

181 993 240 1034 non
268 975 463 1056 intempestive
491 977 639 1057 profusum
665 997 740 1052 csse,
772 976 821 1034 sed
848 991 901 1054 pro
927 976 1061 1055 temporis
1086 975 1303 1034 circumtantia.

180 1051 297 1114 Servari
316 1055 389 1114 enim
409 1055 518 1128 dieitur,
538 1057 615 1136 quod
635 1056 754 1117 babetur
773 1057 852 1134 quusi
873 1053 925 1114 sub
945 1055 1083 1127 custodia,
1103 1061 1137 1112 ut
1156 1053 1305 1112 commode

122 1191 126 1203 ,
181 1139 212 1192 et
231 1141 390 1214 opportune
408 1142 561 1215 promatur.
591 1134 709 1196 Certum
728 1136 804 1194 enim
822 1140 875 1210 est,
894 1135 918 1194 si
937 1133 1000 1213 quis
1013 1132 1305 1212 srunptuosisdelieiis

181 1231 250 1272 eum
269 1220 334 1272 ante
354 1221 507 1289 onerasset,
526 1235 584 1274 non
603 1213 688 1276 luisse
707 1233 864 1296 passurum.
894 1213 985 1292 Atqui
1004 1219 1090 1292 negat
1108 1232 1145 1271 ex
1164 1231 1244 1271 more
1264 1211 1303 1270 ic·

182 1285 391 1368 cisse'Marium,
411 1294 460 1352 sed
480 1301 514 1354 ut
531 1293 584 1353 eibi
603 1302 762 1354 extremum
781 1291 906 1354 officium
920 1291 1103 1372 impenderet.
1133 1290 1225 1350 Porro
1240 1310 1303 1349 cor·

182 1391 286 1452 porum
307 1374 401 1431 unctio
421 1380 489 1431 tune
508 1393 566 1432 non
585 1375 675 1432 inanis
695 1373 851 1433 ceremonia
871 1379 944 1442 erut,
974 1373 1024 1430 sed
1042 1373 1136 1451 potius
1155 1391 1168 1429 s
1190 1369 1304 1429 irituale

182 1449 355 1530 symbolum,
375 1452 452 1532 quod
471 1472 551 1532 spem
570 1453 781 1530 resurrectionis
799 1457 865 1510 unte
883 1451 982 1510 oculos
1001 1457 1124 1530 poneret.
1184 1447 1304 1508 bscurae

183 1527 277 1596 adhue
296 1537 377 1589 erant
395 1533 603 1612 promissiones,
622 1533 749 1596 nondum
768 1537 957 1590 resurrexerat
967 1529 1103 1603 Christus,
1163 1529 1303 1588 'nonim-

184 1607 285 1666 merilo
305 1616 423 1670 voratur
442 1609 534 1670 Resur
552 1613 657 1670 entium
678 1611 815 1692 primitiae
826 1607 944 1687 '(l.Cor.
960 1611 1008 1683 15,
1026 1611 1094 1687 20).
1158 1627 1209 1666 ro
1230 1625 1305 1686 opus

183 1686 286 1746 talibus
306 1689 480 1749 adminiculis
500 1633 754 1762 habebantddcles,
774 1707 847 1768 quae
857 1690 891 1748 ad
903 1689 1048 1748 Christum
1057 1687 1149 1748 adhue
1159 1627 1304 1746 absentem

102 1800 107 1812 ·
183 1785 233 1826 eos
257 1768 416 1850 dirigerent.
460 1769 527 1828 ldeo
541 1757 610 1829 ”non
630 1771 771 1849 superflua
790 1765 859 1828 turio
877 1769 930 1828 luit
951 1767 1057 1827 Christi
1075 1767 1186 1840 unctio,
1215 1786 1305 1846 quum

177 1865 253 1908 mox
272 1867 302 1906 sc
339 1848 448 1907 liendns
464 1849 549 1908 ieret:
569 1850 683 1928 ungitur
692 1849 767 1907 enim
776 1855 911 1930 tanquam
921 1846 990 1906 inse
1011 1847 1123 1906 ulcrum
1132 1845 1303 1905 condendus.

183 1923 215 1984 ld
235 1945 292 1984 non
314 1947 360 1984 um
381 1927 505 2000 sciebant
524 1927 661 2010 discipuli,
681 1936 710 1987 et
725 1927 813 1988 Maria
833 1929 933 2008 procul
953 1869 1039 1986 dubio
1053 1932 1170 2007 repente
1183 1924 1306 2004 impulsa

183 2003 246 2078 fun,
265 2005 335 2064 utS
357 2007 422 2065 iritu
442 2003 578 2067 directore
597 2007 626 2066 id
645 2007 758 2080 fuceret,
778 2008 856 2088 quod
875 2009 953 2088 prius
971 2027 1032 2066 non
1050 2007 1144 2066 iuerat
1161 2005 1306 2080 meditate.

184 2081 290 2142 Verum
311 2027 441 2144 Cbn'stus
461 2087 496 2144 ad
516 2107 596 2168 spem
616 2088 826 2147 resurrectionis
845 2105 913 2146 suae
932 2085 1141 2159 accommodat,
1166 2084 1244 2163 quod
1263 2083 1307 2142 illi

182 2167 330 2243 tantopere
350 2164 555 2244 improbabant,
576 2174 608 2225 ut.
626 2168 687 2246 ipsu
706 2167 811 2225 utilitas
826 2183 999 2246 eosaprnva
1008 2166 1169 2224 morositate
1179 2169 1304 2221 revocet

183 2239 291 2300 Verum
310 2251 343 2302 ut
356 2241 437 2303 Dens
452 2247 554 2306 veteris
568 2247 666 2328 populi
685 2247 834 2326 pueritiam
853 2246 956 2304 talibus
974 2245 1110 2322 exercitiis
1129 2243 1187 2322 regi
1201 2239 1305 2315 voluit,

182 2322 221 2380 ita
237 2320 326 2386 bodie
345 2323 496 2382 absurdum
516 2333 590 2386 essct
608 2325 684 2383 idem
703 2331 819 2399 tentare,
838 2345 891 2384 nce
910 2325 970 2384 sine
981 2318 1084 2383 Clnisti
1097 2323 1197 2381 iniuria
1211 2319 1305 2396 fieret,

183 2402 233 2480 qui
253 2403 400 2482 splendore
419 2403 556 2464 adventus
576 2405 620 2463 sui
638 2405 709 2466 tulus
728 2404 841 2463 umbras
861 2405 998 2463 discussit.
1024 2401 1081 2461 Sed
1095 2403 1161 2481 quia
1174 2401 1307 2458 nondum

182 2482 244 2539 tius
262 2483 428 2540 resmreetio
448 2482 546 2564 liguris
566 2481 647 2563 Legis
671 2483 908 2564 complementum
932 2484 1076 2558 attulerat,
1104 2488 1222 2542 externo
1247 2481 1307 2538 ritu
1400 2553 1401 2568 ἵ

182 2559 309 2618 ornanda
328 2559 382 2618 suit
402 2561 461 2618 eins
481 2583 510 2620 se
522 2563 633 2620 ruitura.
673 2561 757 2622 Nune
776 2563 847 2622 odor
865 2563 1076 2622 resurrectionis
1095 2563 1156 2620 eius
1176 2561 1307 2654 satispcr

181 2655 213 2695 se
232 2635 372 2698 eiiiebciae
392 2637 477 2700 habet
495 2584 600 2720 absque
619 2643 708 2702 nardo
728 2649 757 2702 ct
776 2643 956 2717 aromatibus,
976 2649 1008 2702 ut
1020 2647 1112 2700 totum
1123 2639 1221 2700 orbem
1233 2639 1306 2697 vrvi-

182 2713 255 2774 fioet
287 2715 437 2776 Caeterum
456 2721 665 2780 meminerimus
685 2723 714 2781 in
734 2723 887 2782 iudicandis
906 2722 1052 2780 bominum
1073 2720 1153 2778 luetis
1173 2718 1306 2778 standum

180 2811 243 2852 esse
263 2796 346 2854 unius
361 2795 467 2858 Christi
481 2801 643 2874 sentcntiae,
663 2802 699 2860 ad
714 2803 793 2861 euius
807 2801 929 2862 tribunal
939 2801 1026 2860 semel
1035 2819 1087 2859 nos
1097 2806 1172 2860 stare
1182 2803 1305 2879 oportet.

261 2895 289 2954 8.
329 2896 480 2974 Pereprres
502 2906 578 2956 errr'm
598 2921 655 2958 sem
676 2901 842 2960 erluidis.
881 2897 1045 2958 Tenendum
1064 2903 1108 2956 est
1127 2895 1205 2976 quod
1246 2896 1306 2954 rius

180 2969 329 3045 admonui,
358 2975 631 3036 extraordinarium¹
684 2979 872 3038 cinefactum
898 2977 1001 3037 diserte
1025 2975 1072 3035 hie
1095 2996 1113 3036 u
1138 2917 1306 3055 quotidiano

180 3047 286 3110 Christi
306 3052 385 3111 cultu
405 3052 533 3114 ‹bscuni
564 3055 662 3134 Quare
681 3059 777 3117 simiae
797 3063 873 3131 sunt,
891 3077 950 3116 non
969 3057 1134 3130 imitatores,
1155 3056 1204 3136 qui
1242 3073 1305 3113 em-

179 3129 223 3208 pis
244 3137 273 3188 et
292 3139 458 3212 sumptuoso
478 3144 616 3216 apparatu
636 3137 781 3198 Christum
801 3137 895 3196 colere
914 3137 1071 3221 affectuum,
1090 3137 1149 3196 acsi
1169 3075 1306 3215 probaret

179 3207 310 3270 Cbristus
330 3213 408 3289 quod
427 3216 513 3273 semel
532 3217 638 3276 sactum
657 3225 733 3290 eret,
763 3237 796 3276 ae
820 3236 879 3280 nou
903 3217 998 3296 potius
1022 3217 1052 3273 in
1075 3221 1223 3294 posterum
1243 3211 1307 3270 deri

178 3295 296 3348 vetaret.
336 3289 422 3366 Quod
443 3314 473 3352 se
492 3304 576 3378 negat
595 3317 660 3356 eum
680 3295 824 3378 discipulis
844 3315 956 3376 semper
973 3295 1045 3367 iore,
1065 3294 1102 3352 od
1121 3313 1209 3432 penus
1221 3309 1305 3373 prae·

1146 3393 1217 3432 onor
1236 3391 1304 3428 con-

178 3449 279 3507 veniat.
321 3447 393 3510 Num
414 3453 491 3530 qnod
511 3453 532 3512 S
554 3457 632 3515 iritus
657 3457 701 3514 sui
725 3456 813 3537 gratia
832 3462 861 3514 ct
880 3456 986 3516 virtute
1005 3452 1087 3512 nobis
1106 3452 1197 3522 adest,
1222 3447 1315 3528 quod.

176 3525 286 3590 habitat
306 3530 335 3590 in
354 3529 445 3604 nobis,
465 3476 614 3612 quodnos
635 3535 719 3595 eiiam
739 3554 823 3596 earne
842 3553 893 3594 sua
913 3541 942 3603 et
961 3534 1095 3612 sunguine
1113 3531 1210 3612 pascib
1229 3527 1305 3586 nihil

175 3604 233 3665 hoe
256 3607 293 3666 ad
316 3627 469 3689 corporeos
493 3613 596 3673 cultus.
636 3612 733 3690 Quare
758 3613 893 3694 quiequid
919 3632 1086 3694 pomparum
1106 3609 1306 3688 excogitarupt

175 3681 307 3821 Papiriae
327 3689 363 3748 ad
381 3689 527 3750 Christum
547 3693 708 3767 colendum,
726 3693 830 3754 frustra
850 3693 892 3752 illi
910 3693 1071 3771 impensum
1090 3687 1192 3760 ierunt,
1212 3707 1306 3764 quoru

173 3783 211 3842 pa
223 3783 268 3823 arn
289 3768 426 3847 repudiet
467 3767 554 3847 Quod
586 3789 712 3852 ›auperes
733 3773 800 3834 dicit
819 3791 930 3852 semper
949 3771 1098 3830 nobiseum
1116 3769 1243 3836 iuturus,
1264 3771 1306 3840 ia·

174 3845 257 3934 metsi
277 3845 307 3902 in
326 3866 361 3904 eo
382 3847 551 3908 ludaeorum
571 3791 735 3930 bypoen'sin
780 3853 935 3932 ersbingit,
964 3849 1097 3930 colligere
1120 3855 1215 3907 tamen
1239 3845 1307 3904 inde

173 3919 272 4012 utilem
292 3923 451 3988 doctrinam
471 3929 545 4000 licet,
564 3950 668 4010 nempe
686 3873 832 4006 sucriiicia,
852 3929 1000 4010 ‹prroeDco
1016 3936 1095 4008 grata
1115 3931 1181 3986 sunt
1198 3933 1228 3986 et
1242 3943 1305 3986 suu·

172 4003 247 4058 mter
267 4001 357 4074 olent,
378 4025 439 4065 esse
458 4007 667 4087 eleemosynas,
688 4009 790 4090 quibus
810 4009 906 4091 inopia
926 4028 1086 4092 pauperum
1105 4008 1234 4080 iuvatur,
1253 4023 1308 4064 neu

88 4091 96 4176 ff
173 4077 226 4137 rite
245 4079 317 4140 alios
336 4075 397 4142 lieri
417 4083 546 4168 sumplus
566 4089 596 4148 in
616 4089 735 4149 colendo
754 4089 828 4150 Deo.
947 4128 950 4138 κ

260 4261 291 4330 9.
315 4263 484 4355 'Cognovit
505 4293 580 4362 erge
602 4272 693 4340 turba
715 4271 812 4360 murita
834 4271 1039 4356 ludaeorum,
1067 4269 1156 4361 quod
1177 4266 1240 4333 iilic
1263 4288 1310 4332 os·

167 4377 224 4452 act,
246 4382 464 4466 veneruntque
485 4399 550 4444 non
573 4387 702 4471 propter
724 4377 828 4449 lesum
850 4391 983 4465 tantum,
1006 4379 1063 4447 scd
1080 4387 1116 4446 ut
1142 4374 1300 4442 Lazarum
