2786 4866
573 205 702 270 CAPUT
722 207 784 269 Vll.
888 271 892 280 ,
1173 221 1229 283 131

101 340 183 382 mam
207 338 294 401 quam
320 320 412 400 turpis
438 327 467 380 et
491 309 627 382 scelerata
659 321 829 402 ingratitudo
844 323 952 398 luerit,
982 325 1060 406 quod
1089 327 1145 390 illis
1173 337 1233 394 tam

68 408 73 422 ’
101 402 183 462 lure'vi
202 401 295 482 spatio
313 399 450 476 aniraeula
472 403 647 476 exciderant,
677 423 801 483 quorum
825 406 961 464 memoria
986 407 1015 466 iu
1034 405 1120 466 linem
1140 429 1231 492 usque

102 481 201 541 mundi
221 479 388 573 celebranda
407 487 477 574 erat.
519 479 617 619 (parre
636 485 747 578 eabae
765 501 822 542 nna
841 482 998 545 delecfione
1017 484 1130 546 abunde
1144 497 1232 570 patet,

100 579 207 700 llil
243 577 343 698 itta
359 564 531 700 stultit
549 561 866 720 latuistis,
889 562 1071 704 iiiiii
1088 564 1231 727 {statu

98 721 213 779 faceret.
253 715 328 778 Nam
350 717 475 797 populus
494 717 550 780 Dei
571 722 680 782 cultum
699 721 795 802 palam
820 723 935 796 everrit,
964 720 1048 804 legis
1072 723 1230 787 doctrinam

97 799 239 880 repudiat,
258 799 436 890 peregrinam
457 804 486 858 et
506 799 655 878 protanam
675 801 975 880 religioneminducit.
1016 800 1168 864 Caeterum
1188 807 1230 866 iu·

97 880 186 960 siguis
206 884 251 938 ost
269 877 316 936 hic
335 877 425 950 loeus,
455 877 521 956 quia
540 881 655 941 ¹fontem
675 880 806 955 ostendit,
836 900 873 940 ex
892 901 951 961 quo
972 895 1057 950 omno
1076 901 1165 962 genus
1184 905 1230 947 sn·

137 958 273 1018 rstitionis
292 955 327 1016 ab
347 957 427 1016 initio
447 957 605 1019 fluienrnt:
624 961 790 1042 praesertim
809 979 963 1041 veruquae
982 960 1151 1025 fabricandis
1169 964 1230 1026 ido·

97 978 249 1117 Adpo-ima
268 1037 346 1116 origo
366 1037 461 1096 luerit:
494 1057 597 1119 nempe
658 1039 816 1114 adhucne,
847 1041 897 1120 qni
917 1041 1036 1100 manalis
1055 1049 1113 1115 ast,
1132 1041 1230 1104 Deum

100 1123 197 1176 tamen
217 1135 270 1196 pro
288 1117 379 1174 carnis
400 1134 467 1176 suae
487 1123 572 1198 captu
591 1116 627 1177 ha
664 1139 695 1178 re
721 1119 783 1179 vult
806 1125 992 1199 praesentem
1040 1118 1119 1180 llaec
1144 1139 1229 1184 causa

100 1202 160 1269 est,
189 1215 239 1254 cur
266 1195 385 1264 saeculis
411 1195 541 1256 omnibus
567 1203 646 1258 tauta
669 1199 700 1258 in
719 1196 857 1278 fingendis
872 1198 959 1260 ¹idolis
978 1198 1127 1260 bominum
1146 1202 1228 1262 lasci·
1273 1231 1276 1243 ·

99 1275 147 1334 via
175 1273 266 1334 luerit.
290 1317 295 1324 -
316 1273 360 1334 Ac
379 1273 459 1334 Deus
483 1276 599 1356 quidem
623 1297 654 1337 sa
677 1277 793 1338 ruditati
816 1285 930 1338 nostrae
948 1277 1098 1360 bucusque
1116 1299 1228 1349 acaum
1342 1347 1348 1354 ,

98 1353 209 1428 modat,
239 1359 271 1414 ut
295 1373 327 1414 se
347 1355 557 1434 quodammodo
582 1355 753 1440 subligaria
773 1357 874 1418 ollerat
893 1356 1041 1418 visibilem.
1081 1356 1154 1420 Nam
1174 1360 1228 1420 sub

93 1431 172 1572 pappo
197 1433 318 1573 plffiffg
332 1441 424 1574 tgerant
448 1433 585 1575 ιγιιιιέξι)
608 1436 645 1498 ad
669 1437 826 1576 tqstundam
851 1438 1139 1578 dmffiqtiaqu.
1188 1437 1228 1516 lit

92 1531 267 1654 usuliolii
346 1533 918 1676 lt’ttnnfttttttttts‘:
931 1596 979 1658 n
997 1537 1227 1678 statutt

90 1693 159 1812 nps:
189 1675 329 1810 primum?
354 1673 490 1814 oppinatis
513 1693 530 1734 a
550 1673 617 1813 Deol
635 1675 734 1814 medaii:
753 1696 812 1814 nqp
831 1678 962 1816 cruntaqtpl
975 1695 1051 1816 Ἣ
1070 1676 1123 1736 sibi
1142 1677 1228 1816 aquia·

91 1771 358 1814 carcasensem·
399 1773 434 1813 oc
453 1774 508 1814 ram
528 1775 586 1814 non
618 1774 670 1814 eve
752 1775 780 1813 vu
804 1775 862 1826 um,
980 1775 999 1816 a
1041 1775 1091 1816 um
1109 1776 1158 1816 mo
1179 1776 1228 1816 um

90 1839 227 1904 tenentes,
244 1834 376 1914 pruriunt
396 1853 508 1915 semper
526 1834 562 1894 ud
582 1853 658 1894 nova
677 1832 826 1914 figmenta,
855 1776 942 1916 atdde
966 1836 1005 1894 ita
1029 1834 1102 1896 linus
1125 1833 1227 1910 alteo

87 1915 204 2008 positos
232 1913 372 1972 canulius
396 1933 454 1972 non
480 1913 618 1973 dubitant.
662 1912 753 1994 Atqui
777 1913 856 1972 nulla
881 1931 943 1974 essa
965 1919 1061 1994 potest
1080 1933 1148 1976 vera
1169 1911 1226 1972 Dei

86 2013 187 2073 imago
216 1993 272 2052 uisi
301 2011 387 2072 qnam
417 1994 478 2073 ipse
505 1994 636 2053 instituit.
688 1990 884 2074 Quaecunque
908 2011 976 2072 ergo
1001 1999 1113 2072 praeter
1136 1994 1227 2088 ipsius

85 2071 229 2212 gerburpqr
241 2070 570 2212 lidnqupturlffluqu
593 2071 729 2147 arbitrio,
766 2072 858 2212 falsuq
877 2077 1013 2210 lsuuplet
1041 2071 1225 2210 adapertaque.

153 2173 181 2211 ιιι
272 2171 417 2211 ειιιιιι
520 2173 621 2212 nrum
646 2171 775 2214 nonme
806 2172 820 2211 s
859 2169 993 2212 ceraue
1058 2171 1095 2209 uo
1175 2169 1226 2216 ens

84 2171 232 2307 haebraea,
251 2239 284 2292 ut
303 2231 374 2292 nibil
394 2233 447 2291 nisi
468 2250 595 2292 mesum
615 2239 643 2293 et
664 2173 807 2293 terreuuffi
827 2231 863 2292 de
884 2228 948 2290 Deo
967 2171 1107 2311 cdncipit,
1131 2231 1170 2290 ita
1189 2229 1227 2289 ad

85 2312 212 2372 andem
246 2311 401 2372 crassitiem
435 2311 569 2372 transfert
603 2313 698 2372 omnia
733 2312 844 2371 diuinae
877 2309 1051 2390 praesentiae
1084 2307 1225 2388 symbola.

85 2391 153 2451 Nec
173 2391 258 2450 modo
283 2392 312 2451 in
332 2391 415 2452 idolis
439 2411 457 2451 a
483 2411 513 2452 sc
533 2390 674 2452 lubricatis
694 2391 765 2452 adeo
787 2409 935 2472 perperam
954 2389 1040 2464 ludit,
1070 2388 1119 2448 sed
1139 2390 1225 2449 etiam

85 2471 228 2552 quicquid
249 2489 266 2531 a
285 2469 349 2532 Deo
365 2475 534 2532 'institutum
559 2471 659 2547 luerit,
689 2474 717 2530 in
743 2473 917 2530 contrarium
940 2467 1027 2530 finem
1052 2468 1226 2548 detorquens

87 2551 307 2688 ffmpstud⁰
330 2553 430 2626 ntiae
460 2550 616 2690 llescepldit
635 2551 767 2690 quiidqqn,t
781 2558 813 2610 ut
824 2551 901 2688 dffi'
921 2549 961 2687 aq
976 2567 1030 2608 nos
1049 2546 1129 2646 Deus
1133 2545 1226 2688 {estred

768 2677 775 2691 .
1075 2645 1117 2686 ω’

88 2649 312 2784 edmadoddiibd,
325 2638 434 2770 uilldldd⁸
449 2640 790 2771 sqpnssqperuqolppqsuin
810 2650 884 2770 tend:
904 2647 1024 2769 dubdddf
1054 2649 1119 2766 blus
1138 2705 1225 2800 modo

85 2789 270 2850 deformatur
299 2789 427 2850 coelestis
457 2791 518 2850 eius
547 2790 652 2871 gloria,
690 2799 722 2852 et
756 2791 872 2852 omnino
907 2789 1044 2870 impletur
1072 2785 1150 2868 quod
1179 2783 1227 2844 luc

82 2871 190 2930 dicunt
209 2867 366 2943 lsraelitae‚
389 2871 448 2952 sue
471 2871 554 2931 notu
578 2873 656 2932 deos.
705 2869 822 2932 Novum
843 2871 920 2950 anun
945 2869 998 2930 sibi
1022 2887 1125 2928 numen
1147 2869 1226 2926 creat

81 2950 221 3030 quiaquia
251 2969 309 3008 non
339 2950 522 3029 spiritualiter
547 2947 644 3010 Deum
673 2951 751 3010 colit.
800 2949 839 3010 Et
868 2955 963 3008 tamen
990 2949 1016 3007 si
1040 2947 1135 3006 omnia
1159 2963 1225 3026 pro·

82 3031 155 3108 pins
189 3029 348 3109 expendas,
381 3029 483 3090 uolunt
512 3028 655 3090 Israelitae
685 3029 751 3090 data
780 3050 799 3088 o
837 3047 865 3088 ra
886 3026 990 3096 Deum¹
1012 3024 1116 3086 bebere
1145 3044 1162 3084 a
1193 3041 1225 3086 ss

81 3113 232 3168 creatumr
273 3110 341 3190 quin
372 3111 467 3189 potius
496 3108 549 3168 sub
575 3107 659 3168 vituli
685 3108 764 3168 aurei
784 3128 800 3167 e
823 3110 886 3188 ugia,
906 3126 1005 3166 verum
1030 3113 1060 3164 et
1078 3110 1226 3166 aeternum

81 3187 187 3248 Deum
208 3187 311 3248 lrabcm
337 3207 368 3248 se
393 3194 502 3269 putent.
552 3185 636 3248 Serio
656 3188 732 3248 enim
753 3187 789 3246 ad
808 3187 970 3246 condictum
989 3184 1159 3244 sacdfieium
1179 3199 1225 3274 aa:

83 3274 173 3332 suut.
202 3275 231 3328 et
256 3268 333 3348 quod
354 3268 452 3330 Aaron
471 3270 647 3348 pronuntiat,
672 3266 738 3326 illos
756 3286 818 3326 csse
837 3263 930 3337 Deos,
959 3282 977 3324 a
1002 3263 1105 3342 quibus
1128 3259 1225 3320 educta

82 3351 158 3406 sunt
177 3366 214 3406 ex
233 3347 384 3429 Aegypto,
407 3365 547 3408 consensa
567 3365 621 3408 sno
640 3345 807 3426 approbant.
848 3341 956 3402 Veram
975 3340 1118 3435 Domiqus
1137 3338 1226 3398 frivo-

80 3425 132 3486 laa
162 3426 231 3486 istas
260 3428 478 3508 imaginationes
502 3425 575 3488 nihil
603 3432 746 3500 moratur,
776 3425 824 3484 sed
848 3423 956 3484 abenas
982 3421 1051 3484 deca
1074 3439 1103 3478 ιιι
1127 3417 1225 3476 locum

79 3525 174 3646 ἱιιιιιιι
200 3510 391 3648 corpiqssnerittnr¹
414 3506 552 3588 supponi,
581 3505 754 3586 simulatque
778 3523 795 3564 u
815 3501 911 3566 Verbo
936 3521 990 3562 sno
1009 3497 1057 3561 vel
1080 3494 1223 3558 tantillum

106 3607 220 3648 ommes
295 3607 328 3648 ec
342 3609 401 3647 un.

168 3667 217 3728 dl.
258 3671 298 3730 Et
322 3669 444 3737 obulum
458 3667 612 3750 sormunt.
653 3663 714 3725 Cur
739 3661 810 3724 baec
834 3657 923 3743 magis
948 3656 1085 3743 plauserit
1104 3653 1224 3752 effigieq

79 3745 171 3806 facile
189 3765 228 3808 ex
247 3746 441 3828 superioribus
459 3745 555 3805 verbis
575 3745 727 3827 colligitur.
774 3741 946 3823 Quanquam
971 3740 1047 3802 enim
1070 3739 1226 3798 innumeras

80 3821 172 3884 idolis
198 3827 322 3886 scatebat
341 3827 509 3908 Aegyptus,
538 3823 643 3886 bovem
668 3831 762 3884 tamen
788 3827 818 3882 in
837 3823 992 3903 praecipuo
1010 3819 1098 3881 baisse
1113 3815 1226 3888 lutauuore¹

78 3909 190 3963 notrrm
209 3913 262 3966 est
303 3905 385 3966 Unde
404 3912 499 3966 autem
519 3905 588 3964 idola
610 3904 758 3986 cupiditas,
777 3903 917 3982 nisiquia
938 3898 1071 3962 cordibus
1090 3895 1154 3956 inA
1213 3927 1224 3942 ·

77 3989 172 4064 ptam
197 3987 288 4044 aversi
314 3993 409 4060 erant,
439 3977 680 4065 quemadmodum
706 3984 762 4042 ium
782 3982 854 4042 dixit
873 3980 1055 4062 Stephanus?
1094 3973 1188 4070 Notan
1203 3991 1225 4070 'a

76 4068 186 4124 aeman
205 4069 250 4123 est
267 4063 414 4143 loquutio,
435 4083 524 4145 quum
544 4065 612 4124 dicit
629 4083 683 4122 eos
699 4066 826 4122 bostium
845 4063 927 4121 idolo
948 4061 1092 4121 aarum«.
1132 4053 1225 4115 Edunt

75 4144 197 4214 Aeuom
217 4150 251 4204 ut
269 4143 304 4202 ad
315 4141 465 4204 colendum
477 4141 570 4202 Deum
582 4141 705 4238 popalus
720 4142 879 4215 conveniat,
900 4145 1224 4222 cougrcgautnromncs.

75 4221 242 4282 Testantur
261 4243 329 4306 ergo
350 4222 402 4284 sibi
421 4223 492 4282 nihil
512 4225 606 4282 miuus
625 4243 655 4282 ru
675 4223 770 4282 arulmo
790 4237 860 4293 essa,
881 4240 967 4300 quam
987 4219 1119 4280 fraudare
1129 4214 1225 4312 lteum

75 4319 143 4362 suo
163 4303 243 4364 autu
263 4311 297 4364 nt
316 4301 353 4366 ad
371 4303 493 4362 vitulum
513 4301 692 4362 constemus
737 4299 815 4380 Quin
841 4303 937 4381 potius
963 4302 1020 4362 illis
1045 4299 1226 4380 propatulum

75 4385 141 4456 est,
160 4379 256 4444 lterum
276 4385 306 4444 in
326 4384 447 4463 imagine
467 4382 549 4444 vituli
568 4381 677 4444 coleras
707 4383 756 4444 sed
777 4383 844 4462 quia
863 4381 972 4490 idplum
991 4375 1156 4456 lubricando
1175 4387 1224 4431 vs·
1246 4383 1248 4394 “
