2804 4850
560 267 687 332 oscor
706 235 774 334 irv.
959 341 968 368 Ι
1092 252 1097 264 “
1168 287 1226 346 291

97 397 163 452 mat
182 408 235 450 eno
253 385 397 483 exemplo.
425 383 526 466 Neque
535 385 610 446 enim
624 405 746 470 aequom
760 395 813 466 eat,
831 409 921 470 quum
936 389 997 472 ipae
1006 410 1109 456 morus
1117 396 1225 459 mundo

100 471 201 542 luerit,
224 488 350 548 noszqur
369 467 431 526 eius
443 466 621 528 ‚sustinemus
661 487 792 533 creonam,
809 469 962 544 mundum,
982 473 1032 552 qni
1050 493 1108 536 sem
1180 478 1225 538 sui

101 549 195 632 similis
213 557 268 624 est,
287 545 394 606 habere
414 545 577 626 propitium.
644 546 742 607 erbum
760 545 902 624 γινώσκετε
920 550 951 608 in
968 551 1055 612 modo
1073 553 1102 614 in
1123 555 1224 616 'cetico

99 637 208 694 vortere
227 628 333 692 malui:
364 643 527 705 quanquam
551 625 685 705 siquis·
784 629 874 688 tirum
893 628 985 704 malit,
1012 650 1072 692 non
1090 652 1226 716 repugno,

96 711 163 791 qnia
183 729 292 769 sensns
307 725 369 766 non
388 709 520 766 mutatur.
558 703 629 766 Plus
648 646 881 768 espnffiamlmis
904 709 934 770 in
954 729 1039 784 voce,
1068 731 1142 792 quae
1160 733 1224 796 pro·

94 793 175 850 xime
194 789 343 868 sequitur:
362 805 428 846 nem
445 804 536 864 quum
555 803 586 843 ee
601 795 730 867 priorem
750 786 893 867 discipulis
911 795 1005 863 vocat,
1023 797 1082 850 tam
1101 791 1137 852 ad
1156 799 1225 854 tem·

96 889 153 950 pus
173 888 268 948 quam
287 866 323 926 od
344 865 502 944 dignitatem
520 863 620 924 referri
643 865 699 926 hoc
724 873 828 948 potest.
876 864 961 929 Prior
978 889 1014 928 ex
1069 871 1117 930 itio'
1136 873 1225 952 magis

97 954 220 1028 mpta
237 952 293 1020 ost,
312 964 409 1026 rra-pe
428 943 507 1024 quod
521 941 651 1010 Christus
670 951 736 1006 ante
750 946 776 1008 A
799 945 906 1007 aetolos
925 947 992 1010 odio
1011 889 1122 1010 diditus
1140 951 1225 1012 luerit

100 1047 119 1087 a
139 1026 268 1087 mundo:
287 1045 381 1086 vermo
399 1021 521 1084 secunda
539 1023 609 1084 milri
622 1026 711 1105 magis
725 967 870 1105 prolator,
890 1025 977 1106 qnod,
997 1029 1224 1107 quemchristus

146 1107 154 1122 ⁶
176 1107 262 1185 longe
280 1102 418 1186 praecellit
435 1124 494 1164 non
512 1110 609 1164 tamen
632 1105 764 1166 immunis
783 1105 869 1166 suerit
892 1104 927 1164 ab
947 1106 1018 1166 odda
1036 1110 1150 1183 mundi,
1178 1129 1223 1170 ea·

103 1127 172 1246 ddln
192 1184 313 1246 conditio
332 1203 348 1242 a
366 1183 500 1244 mrnirtris
519 1203 577 1244 non
595 1185 749 1246 recusanda
773 1185 818 1246 sit.
867 1182 974 1245 Eadem
998 1187 1074 1248 enim
1092 1188 1223 1268 loquutio
1252 1233 1255 1238 -

103 1271 233 1326 esterno
253 1283 293 1328 ea,
408 1263 501 1342 primo
519 1263 612 1343 eapite
630 1283 658 1324 v.
673 1265 817 1328 etstan
838 1263 880 1322 bie
899 1263 1058 1342 habuimus,
1078 1265 1137 1346 Qui
1155 1273 1223 1349 post

100 1345 253 1419 mevenit,
304 1345 310 1358 '
333 1343 340 1358 “
360 1343 503 1424 praelatus
521 1349 573 1416 est,
593 1344 659 1423 quia
698 1343 758 1404 rior
776 1363 823 1406 mc
841 1350 911 1402 erat.

176 1427 225 1487 19.
267 1429 303 1485 St
321 1445 359 1483 ex
377 1424 487 1482 meando
506 1430 613 1484 ceseth.
692 1425 717 1482 'a
736 1422 907 1497 consolatio,
935 1425 1013 1504 quod
1032 1424 1095 1486 ideo
1115 1425 1222 1488 mundo

97 1505 152 1563 sint
169 1503 267 1577 exosi,
315 1503 361 1561 uia
385 1501 475 1566 alueo
495 1503 632 1584 segregati
650 1509 724 1562 sunt.
764 1501 843 1562 Haec
860 1511 956 1564 cutem
974 1524 1041 1564 vera
1055 1511 1104 1565 ‘est
1122 1525 1222 1566 eorum

96 1584 215 1643 felicitas
235 1590 266 1643 et
284 1523 383 1662 glorie,
403 1583 469 1662 qnia
489 1581 547 1642 hoc
564 1581 651 1642 modo
670 1581 705 1642 ab
725 1583 812 1642 exitio
831 1585 922 1664 erepti
940 1590 1014 1644 sunt
1043 1587 1161 1662 Eltgm
1174 1584 1222 1646 hic

96 1681 248 1758 congregare
276 1661 423 1744 significat
467 1661 527 1720 lam
546 1663 570 1721 si
589 1661 670 1721 electi
689 1661 802 1721 fluerunt
820 1681 859 1720 cx
877 1662 998 1736 mundo,
1027 1665 1153 1744 sequitur
1171 1683 1221 1726 eos

96 1741 187 1802 turne
206 1741 305 1802 mnndi
323 1749 442 1822 partem,
462 1741 580 1822 solaque
589 1739 645 1801 Dei
665 1741 855 1802 misericordia
874 1741 991 1802 discerni
1011 1763 1027 1802 a
1047 1743 1161 1823 reliquis
1172 1745 1228 1824 qui·
1348 1743 1353 1754 '

99 1828 232 1901 pereunt.
272 1821 419 1890 Caeterum
444 1823 546 1882 mundi
564 1821 679 1882 nornine
699 1840 811 1896 omnes,
876 1822 883 1837 ⁸
904 1820 1012 1903 Spiritu
1030 1820 1086 1882 Dei
1104 1823 1222 1902 regenitl

100 1919 163 1960 non
183 1905 259 1973 sunt,
279 1899 332 1959 hoc
350 1901 412 1960 loco
429 1899 558 1960 Christus
578 1901 635 1960 desi
655 1908 711 1970 nat
742 1897 815 1960 Nam
834 1842 988 1962 fflleoium
1007 1903 1113 1962 rnundo
1133 1921 1221 1982 oppo-

101 1981 156 2053 nit,
174 1986 209 2038 nt
227 1979 334 2060 plenius
354 1979 507 2040 videbimus
527 1981 619 2061 capite
636 1922 748 2040 decimo
767 2000 797 2040 sc
817 1982 896 2040 timo.
926 1979 1026 2060 Neque
1046 1987 1221 2040 tamencum

100 2059 157 2120 hac
177 2059 304 2120 doctrina
322 2067 426 2140 pugnat
444 2060 493 2120 illa
512 2057 595 2122 Pauli
613 2059 784 2132 exhortatio,
828 2077 906 2118 eccm
926 2059 1028 2142 habete
1047 2079 1113 2120 cum
1132 2060 1221 2118 omni·

99 2139 161 2212 bus,
183 2146 320 2220 quantum
339 2141 368 2198 in
387 2138 470 2200 vobis
489 2146 532 2198 est
552 2138 653 2217 (Rom.
674 2139 818 2218 12‚18.).
858 2137 932 2198 Nam
952 2157 1024 2217 quae
1043 2139 1154 2198 additur
1172 2157 1221 2198 ex-

98 2219 193 2302 ceptio
212 2217 381 2278 tantundem
399 2219 477 2280 valet
494 2219 551 2280 acsi
572 2219 686 2291 diceret,
705 2218 859 2277 videndum
878 2236 938 2277 esse
957 2217 1026 2298 quid
1046 2217 1126 2276 nobis
1140 2217 1222 2283 liceat

97 2307 126 2358 et
144 2299 189 2358 las
208 2300 253 2373 sit,
273 2307 310 2358 ne
371 2299 394 2357 's
414 2297 507 2358 studio
526 2298 656 2395 placendi
674 2299 773 2359 mundi
792 2317 876 2358 corrn
897 2297 959 2358 telis
977 2297 1127 2378 indulgeat.
1166 2295 1222 2357 Ve-

96 2399 164 2438 rum
182 2385 315 2458 potesta
354 2396 391 2438 uc
409 2378 465 2438 alia
483 2377 567 2439 abner
626 2380 722 2440 aestio
747 2377 821 2440 Nem
831 2319 1222 2465 sceleratosuquiexmundo
1287 2423 1294 2442 ,

99 2464 178 2530 srmt,
194 2441 283 2540 'vulgo
302 2477 361 2516 non
381 2457 445 2517 odio
465 2464 576 2518 tantum
632 2459 693 2520 beri
712 2460 860 2534 cernimus,
880 2457 930 2518 sed
949 2457 1136 2518 exsecrationi
1150 2475 1221 2516 esec.

100 2535 158 2596 llic
176 2543 252 2595 certe
270 2535 390 2596 mundus
409 2558 467 2597 non
488 2537 577 2617 diligit
595 2537 673 2618 quod
693 2557 776 2598 suurn
795 2545 846 2597 est.
891 2535 1073 2618 Respondeo‚
1104 2533 1221 2596 terrenis

98 2611 272 2691 horninibus,
302 2617 385 2696 qnia
443 2624 491 2676 tnr
509 2637 562 2698 pro
582 2636 666 2676 sensu
685 2620 776 2676 carnis
800 2635 878 2692 suae,
906 2633 1051 2696 nunquam
1070 2633 1137 2676 vere
1156 2613 1221 2676 odio
1339 2692 1340 2696 Ἰ

95 2697 1222 2862 532²,Prii-'imdis„,ulii*iinffiliiniipiiiiiiilgiddii-'iili

95 2857 147 2916 dns
167 2851 307 2915 intestinis
328 2857 475 2916 discordiis
494 2856 603 2917 ferveat
621 2864 651 2916 et
663 2858 736 2916 intra
746 2877 776 2916 se
786 2855 986 2916 tumultuetur:
1007 2863 1116 2916 tanturn
1129 2861 1220 2915 osten·

95 2935 160 2994 dere
179 2937 281 3010 voluit,
301 2937 443 2995 mundum
462 2937 575 2996 nonoid
594 2936 672 3016 quod
690 2935 747 2995 Dei
765 2943 810 2995 est
827 2938 857 2994 in
877 2935 1005 2996 fidelibus
1025 2935 1090 2994 odio
1109 2934 1220 2994 habere.

94 3015 192 3096 Atque
210 3015 280 3074 hinc
299 3034 416 3096 quoque
435 3015 532 3097 liquet,
553 3035 639 3096 quam
659 3015 745 3076 etulte
764 3015 882 3074 delirent
892 3015 1093 3095 Anabaptistoe
1108 3014 1222 3094 quihoc

95 3115 155 3154 uno
174 3103 344 3174 argumento
363 3114 398 3154 co
422 3096 428 3111 '
469 3101 508 3170 nt,
533 3116 564 3155 se
582 3094 639 3156 Dei
658 3115 720 3154 esse
739 3113 846 3168 servos,
872 3097 938 3173 quia
957 3095 1056 3154 maiori
1074 3091 1222 3152 hominnm
1269 3083 1293 3108 ⁴

94 3175 173 3256 pam·
193 3173 368 3253 displiceant.
443 3181 556 3256 rompta
580 3181 624 3235 est
647 3175 722 3233 enirn
741 3174 886 3254 exceptio,
915 3172 992 3252 quod
1015 3173 1097 3231 multi
1117 3173 1166 3250 qui
1185 3188 1222 3228 ax
1316 3211 1320 3226 .

97 3251 210 3314 mundo
240 3259 321 3325 sunt,
349 3273 420 3333 qnos
444 3255 552 3315 seilicet
576 3254 697 3314 delectat
720 3251 802 3312 foeda
825 3269 920 3311 rerum
940 3251 1066 3310 omnimo
1085 3249 1222 3320 conlusio,

98 3351 202 3392 eornm
224 3331 366 3391 doctrinae
383 3333 509 3408 faveant,
540 3333 623 3394 multi
642 3333 710 3393 item
731 3353 768 3392 ex
786 3331 893 3391 mundo
912 3349 975 3391 eam
999 3328 1123 3404 oderint,
1155 3329 1222 3408 quie

95 3412 249 3494 politicum
269 3411 393 3472 ordinem
412 3419 530 3495 cupiunt
549 3431 663 3473 manere
681 3411 801 3471 salvum.
937 3454 939 3465 .
1047 3418 1050 3430 '

176 3493 227 3554 20.
267 3493 446 3588 rimam
465 3502 614 3554 ammonis
653 3491 756 3550 Posset
774 3487 858 3585 etiam
882 3487 1033 3548 indicativo
1052 3485 1139 3585 prodo
1157 3483 1222 3565 legi,

93 3569 410 3712 tesseres
429 3569 912 3733 steenstraten
932 3565 1117 3707 stitit·
1125 3573 1241 3726 titt*
1269 3625 1278 3638 ·

95 3747 161 3789 mae
180 3733 350 3806 sententiae,
380 3731 430 3791 nbi
450 3732 558 3792 dicebat
577 3731 707 3791 Christus
727 3745 758 3790 se
776 3728 883 3790 mundo
903 3745 1022 3788 exosum
1042 3726 1143 3799 inisse,
1172 3725 1223 3804 qui

96 3810 355 3907 lcmeudiedpnlis
375 3819 446 3907 erat·
456 3813 649 3893 praestantior.
672 3891 679 3906 ι
699 3807 799 3908 licque
823 3811 898 3868 enim
917 3825 1041 3903 aequom
1059 3812 1102 3864 est
1121 3812 1221 3900 onpo-

96 3891 472 4047 ttttttfttttlt
491 3908 580 4032 {iffi
596 3891 738 4030 litte
756 3887 841 4030 diff
841 3908 860 3949 ⁰
881 3887 1152 4046 tlfllttttt
1163 3883 1222 4024 „lt

93 4047 139 4128 gis
159 4049 312 4109 conturbat
332 4051 507 4132 quemdum
527 4051 691 4124 doctrinam,
711 4069 784 4130 quae
794 4047 849 4108 Dei
868 4055 920 4117 est,
939 4045 1059 4140 superte
1078 4043 1113 4104 eh
1133 4043 1221 4106 homi·
1294 4099 1296 4102 .

93 4125 177 4187 mina
196 4131 344 4189 contemni
364 4131 469 4191 vident.
498 4129 550 4190 Eat
569 4131 644 4190 enim
659 4135 822 4210 portentum
834 4125 977 4198 horribile,
997 4144 1077 4186 curus
1092 4131 1222 4206 aspectio

92 4205 281 4268 fortissimum
303 4210 440 4290 qnodque
459 4217 558 4292 pectus
582 4209 751 4270 labelectare
773 4214 879 4289 posset.
929 4205 987 4266 Sed
1014 4206 1082 4265 dum
1106 4225 1143 4264 ex
1167 4205 1223 4264 alie

94 4292 175 4365 porte
195 4291 348 4363 succurrit,
366 4290 461 4371 ipsum
478 4289 535 4352 Dei
554 4287 657 4350 Filium
676 4309 733 4348 non
752 4291 844 4348 minus
864 4285 1056 4348 contumaciae
1074 4291 1223 4366 expertum

94 4383 165 4438 esse,
179 4387 248 4442 ,nun
268 4375 314 4426 eet
333 4370 412 4449 qnod
429 4372 574 4446 miremur,
594 4371 750 4432 doctrinam
759 4367 815 4426 l)ei
833 4374 892 4426 tam
933 4385 1013 4426 erum
1031 4363 1141 4456 habere·
1152 4364 1224 4422 inter

93 4441 226 4506 honines
240 4450 456 4524 ,sumendae
489 4448 578 4528 Quod
607 4468 687 4510 suam
710 4455 740 4506 et
762 4447 878 4511 illorum
907 4389 1064 4586 docpgnam
1088 4441 1163 4512 dior,
1187 4434 1223 4494 ad
