2840 4854
570 291 697 354 CAPUT
717 294 751 352 V.
1185 307 1223 367 qq

110 405 187 468 Nam
205 417 272 486 qnos
292 407 391 488 spiritu
404 413 432 466 et
448 407 595 466 lucernum
609 408 666 466 iam
681 409 811 488 privavit,
831 409 1219 488 sepulcromvelutamoudo

111 487 242 546 subducit.
278 489 347 546 Vox
366 488 440 546 fsto
460 485 617 566 clangorem
636 485 720 546 tuboe
739 486 885 568 siguificat,
905 490 955 568 qui
975 489 1076 550 Christi
1093 495 1171 554 iussu
1190 503 1219 556 et

109 567 209 624 virtute
226 555 392 646 personabit
412 562 522 641 (Most.
542 567 588 638 24,
608 569 655 628 31.
686 565 707 624 l.
719 565 785 626 Oor‘.
807 567 854 639 15,
874 570 921 629 52.
951 567 973 626 l.
985 567 1080 628 Thess.
1100 573 1127 646 4,
1147 577 1216 652 tii).

110 641 178 702 Nam
197 645 275 723 quod
295 644 412 724 augelus
430 661 530 740 praeco
549 644 595 704 vel
614 646 759 726 apparitor
777 645 889 704 iuturus
912 652 969 719 est,
997 641 1028 708 id
1051 669 1107 708 uon
1126 652 1218 714 obstat

108 725 255 801 quominus
275 721 414 788 tribuatur
431 722 522 798 rudici,
542 723 620 803 qood
639 724 744 804 geritur
763 724 823 784 eius
841 725 1005 786 auctoritate
1025 733 1054 784 et
1069 731 1148 806 quasi
1165 731 1217 790 snb

142 821 187 860 rso
229 847 236 860 .

106 820 141 881 pe
182 819 232 942 pp
256 880 396 953 Qntbom
406 882 540 970 fremont.
564 878 673 942 Fideles
692 902 709 942 o
728 882 808 944 bouis
822 883 953 964 operibus
967 885 1103 965 designat,
1145 906 1218 946 oem-

105 959 263 1018 admodum
281 975 297 1016 a
310 958 399 1018 fructu
414 959 540 1020 arborem
556 962 688 1041 cognosci
702 961 767 1022 olibi
780 963 863 1022 docet
877 961 986 1038 (Mardi.
997 964 1026 1035 7,
1037 965 1108 1040 17.).
1165 983 1219 1024 oua

103 1044 204 1097 autem
222 1038 343 1116 ipsorum
362 1057 453 1117 opera*
464 1038 568 1116 loudat,
589 1039 691 1119 quibus
706 1046 723 1098 a
736 1059 787 1100 soa
797 1041 943 1100 vocatione
953 1041 1218 1120 operamdereooc·

103 1121 215 1194 peruut.
253 1114 335 1174 Latro
355 1119 438 1190 eninr,
457 1119 504 1176 coi
524 1117 612 1177 vitam
630 1119 763 1178 lucrose
783 1118 910 1178 Christus
928 1120 1065 1199 promisit,
1088 1123 1138 1199 qui
1157 1127 1218 1180 tola

104 1195 165 1254 vita
184 1193 329 1253 scolacibus
348 1195 457 1256 deditos
476 1196 576 1271 inerat,
595 1197 667 1256 iuter
686 1205 826 1258 extremos
840 1197 954 1258 demum
968 1199 1081 1278 spiritus
1095 1199 1131 1258 ad
1144 1199 1216 1258 recti

101 1269 224 1332 stodiam
243 1275 352 1367 aspirat.
378 1273 436 1334 Sed
456 1277 523 1353 quia
542 1278 696 1336 renascitur
715 1295 808 1336 novos
821 1277 917 1350 bomo,
937 1278 1214 1358 etexpeocatimau·

100 1351 175 1430 cipio
193 1353 313 1411 institiae
333 1365 431 1412 sersus
450 1361 513 1414 esse
532 1355 637 1436 incipit,
662 1362 739 1416 totus
763 1375 797 1414 su
849 1355 892 1414 ior
910 1356 984 1414 vitae
1004 1373 1102 1414 corsus
1121 1357 1151 1415 iu
1170 1373 1214 1414 ra·

100 1429 204 1488 tionem
222 1451 281 1491 nou
301 1434 377 1492 venit
396 1451 493 1491 coram
511 1431 584 1492 Deo.
623 1433 705 1493 Adde
724 1453 763 1513 qu
820 1454 856 1494 oe
874 1439 989 1514 peecata
1009 1435 1123 1512 quidem
1143 1453 1214 1514 quo·

97 1525 162 1567 rum
181 1516 260 1570 reato
279 1529 310 1571 se
330 1512 455 1589 quotidie
475 1511 654 1593 obstringunt
671 1511 766 1572 fideles
786 1513 841 1572 illis
855 1514 1036 1592 imputantur.
1066 1511 1139 1571 Nam
1154 1513 1214 1572 sinc
1238 1579 1242 1590 ¹

95 1589 432 1728 illiniiffluiuiliii
445 1590 1112 1730 ‘diditttdtmtttttltttdttt
1138 1596 1211 1728 ¹¹⁹2&

94 1729 232 1824 ignoscet,
251 1746 364 1826 quando
378 1748 479 1842 omqia
498 1748 596 1808 mutila
606 1691 681 1808 {unt
699 1753 727 1808 et
747 1753 889 1842 corrupta.
922 1745 1054 1840 Faolores
1072 1767 1141 1826 ergo
1161 1747 1210 1806 bo·

89 1825 1212 1982 t.⁰.“t¹.¹..⁰t‘.t¹tlttttttttffittttdtttttltttzttlt

85 1981 271 2058 indulgentia
284 1981 401 2074 pendet,
420 1984 470 2058 qui
488 1983 608 2058 gratuito
626 1982 728 2060 probat
746 1982 823 2060 quod
841 1980 1101 2042 nocimentum.
1125 1977 1212 2055 Quod

85 2077 134 2116 ox
157 2053 229 2114 locis
247 2057 308 2114 istis
328 2058 464 2134 colligunt
476 2051 605 2134 Papistoe
624 2060 711 2114 vitam
730 2063 870 2116 aeternam
887 2057 1003 2136 rependi
1022 2058 1127 2116 meritis
1145 2077 1210 2136 ope·

84 2151 174 2208 rum,
194 2135 273 2192 oolla
293 2131 457 2193 difficultate
475 2133 619 2192 refellitur.
658 2132 758 2212 Neque
777 2135 852 2192 enim
871 2135 905 2191 de
924 2135 1018 2192 solutis
1038 2134 1211 2192 unacort

86 2221 157 2274 stirs
178 2217 290 2285 tractat,
311 2213 361 2272 sed
381 2219 490 2272 tantum
510 2212 614 2272 electos
633 2231 650 2271 a
669 2210 796 2290 reprobis
815 2229 866 2270 soa
885 2215 953 2269 uota
972 2210 1111 2280 disceruit,
1128 2212 1214 2288 idque

88 2293 164 2350 iacit
193 2297 226 2348 ut
255 2309 324 2348 suos
347 2291 383 2349 ad
407 2292 583 2349 sanctitatem
602 2297 630 2348 et
647 2290 836 2348 innocentiam
856 2289 956 2346 invitet
974 2294 1058 2366 atque
1077 2287 1213 2346 hortetur.

87 2369 129 2429 Et
149 2389 203 2429 nos
223 2374 299 2428 certe
319 2367 404 2428 tidem
425 2387 498 2448 quae
516 2387 570 2426 nos
588 2367 720 2426 iustificat
738 2365 916 2426 cum'stodio
937 2365 1006 2424 bene
1024 2367 1154 2456 iustoque
1173 2366 1214 2424 vi-

89 2448 181 2508 vendi
200 2448 380 2507 coniunctam
400 2466 460 2506 esse
480 2466 537 2504 uon
556 2464 704 2526 negamus,-
719 2445 769 2528 sed
788 2451 897 2504 tontum
913 2445 1054 2528 docemus,
1072 2463 1131 2503 nou
1146 2443 1234 2504 slibi'

89 2545 185 2606 quam
202 2527 231 2586 lo
250 2525 311 2586 sola
329 2525 385 2586 Dei
404 2525 593 2586 misericordia
612 2526 754 2604 qrriesoero
772 2523 905 2586 liduoiom
923 2527 1051 2584 normam
1068 2541 1161 2602 posse.

181 2673 233 2740 30.
255 2672 328 2740 Non
353 2691 485 2765 possum
506 2673 605 2741 locere
626 2695 684 2765 ego
707 2699 725 2740 a
746 2675 882 2764 meipso
900 2672 1081 2761 quiequam:
1102 2693 1209 2759 quem·

91 2777 267 2844 admodum
288 2779 389 2863 audio,
416 2777 534 2845 iudico:
560 2789 592 2847 et
612 2777 760 2846 iudiciuin
780 2801 887 2846 meum
908 2777 1024 2843 iustum
1047 2760 1108 2842 est:
1134 2775 1207 2865 quis

90 2906 160 2950 uon
181 2907 297 2974 quaero
319 2884 512 2952 voluntatem
533 2907 645 2966 meam,
667 2883 723 2950 sed
744 2883 937 2950 voluntatem
954 2879 1062 2963 Patris,
1084 2879 1138 2968 qui
1153 2903 1206 2946 me

90 2988 187 3056 misit.
231 2989 285 3058 31.
317 2987 353 3055 st
375 3013 433 3082 ego
455 2987 602 3074 testificor
623 2987 662 3054 de
683 3009 735 3055 me
756 2989 841 3080 ipso,
863 2986 1076 3054 testimouium
1098 3005 1205 3049 meum

90 3113 160 3158 nou
181 3103 230 3161 est
252 3109 370 3162 verum.
413 3095 466 3162 39.
499 3095 588 3164 Alius
610 3103 672 3176 est,
701 3093 756 3182 qui
777 3101 906 3160 testatur
929 3090 968 3158 de
989 3113 1057 3170 mc,
1079 3097 1111 3152 et
1131 3085 1207 3152 novi

90 3199 183 3286 quod
203 3221 311 3268 verum
332 3200 373 3267 sit
393 3183 620 3282 testimonium,
642 3197 727 3285 quod
748 3197 926 3263 testificatur
947 3193 986 3260 de
1008 3214 1070 3258 me.

175 3326 221 3385 30.
258 3318 329 3386 Non
346 3349 465 3406 possiam
479 3309 590 3406 socero
608 3343 664 3403 ego
683 3319 767 3380 o'me
787 3331 860 3400 ipro.
898 3317 1113 3412 Supervacuum
1131 3314 1207 3374 foret

89 3403 138 3461 hio
158 3401 296 3464 subtiliter
315 3405 467 3484 disputate,
487 3423 503 3460 a
523 3401 554 3460 se
572 3403 671 3480 ipsoue
689 3410 724 3458 on
744 3399 855 3456 aliunde
868 3401 956 3487 posset
968 3394 1043 3454 filius
1056 3391 1113 3450 Dei
1122 3392 1206 3481 'quod

90 3483 127 3539 od
148 3488 290 3544 aeternam
309 3484 370 3544 eius
389 3483 562 3542 divinitatem
578 3483 695 3558 spectat.
718 3472 1020 3554 Nempeeurmtalibus
1029 3470 1206 3548 argolicenos

90 3579 231 3640 occcrpare
250 3562 349 3622 voluit.
388 3560 509 3620 Proinde
529 3557 606 3620 uuila
625 3561 686 3614 erat
705 3569 788 3626 causo
807 3570 859 3612 our
877 3568 909 3609 se
925 3555 983 3606 tam
998 3548 1080 3606 noxie
1094 3552 1207 3624 torque

91 3645 160 3698 rent
180 3647 289 3701 veteres
309 3639 337 3700 iu
357 3633 587 3722 repellendaA'rii
607 3633 753 3693 calumnia.
781 3629 884 3691 Filium
898 3623 976 3686 Patri
990 3643 1022 3686 oe
1044 3622 1137 3682 oalem
1149 3641 1207 3682 nou
1264 3667 1270 3676 .

91 3730 158 3776 osse
177 3717 281 3778 nebulo
299 3719 348 3780 ille
369 3710 503 3788 lactabat,
533 3716 599 3796 quia
622 3711 694 3773 nibil
708 3711 803 3793 possit
821 3729 839 3770 a
858 3728 888 3769 se
907 3708 982 3788 ipso.¹
1054 3701 1208 3782 espondeot

94 3798 186 3856 amoti
206 3799 268 3874 viri,
291 3797 393 3860 Filium
411 3797 568 3893 iurelll‘atri
587 3795 661 3854 terro
678 3797 825 3886 occeptum
843 3783 978 3880 qoicqrid
989 3781 1089 3920 ὴέἰζξ,
1112 3800 1129 3842 a
1147 3800 1207 3922 appo

89 3895 230 4016 otto:
246 3884 565 4016 wippam
578 3868 860 4025 §tffidttostt
878 3867 1206 4032 {difficiliori

89 4039 150 4108 est,
181 4051 212 4094 se
231 4035 266 4094 ab
286 4043 403 4096 externat
419 4035 513 4116 speeie
531 4033 645 4092 minime
664 4027 867 4090 inomandum
886 4041 948 4082 esse
967 4021 1111 4092 admonet,
1140 4020 1206 4116 quia

91 4111 201 4192 atiquo
222 4113 323 4175 bobert
341 4113 454 4173 bombos
472 4112 567 4172 altius.¹
588 4109 698 4170 Deinde
717 4105 870 4166 videudm
885 4099 1051 4181 quibuscum
1064 4106 1208 4192 negotrom

91 4191 205 4252 lrabeat.
250 4193 383 4262 ludaeos,
412 4193 461 4272 qui
480 4194 573 4272 ipsum
593 4202 735 4269 opponere
753 4183 818 4244 Deo
837 4180 994 4253 tentabant,
1021 4175 1147 4238 retollere
1165 4175 1208 4234 rllr

91 4273 275 4350 propositum
293 4279 345 4331 est.
368 4269 459 4352 Negat
477 4289 546 4350 ergo
565 4285 595 4328 se
614 4269 765 4346 quicquam
783 4263 878 4324 faeere
891 4259 1061 4332 hmoouitos,
1079 4257 1145 4335 quta
1158 4254 1208 4312 du-

92 4365 157 4407 cem
177 4351 282 4411 lrabeat
300 4357 328 4409 et
347 4351 551 4411 moderatorem
569 4345 665 4406 Deum
684 4344 734 4424 qui
751 4344 781 4403 in
800 4359 830 4401 sa
849 4339 963 4400 habitat.
1013 4330 1077 4395 lioc
1097 4349 1208 4410 semper

91 4431 233 4489 montorio
252 4427 417 4504 tenendum,
439 4429 549 4510 quoties
569 4425 603 4486 do
623 4441 655 4484 ss
673 4422 798 4502 loquitor
817 4417 946 4524 Christos
964 4415 1017 4476 sibi
1034 4420 1145 4473 tantm
1165 4423 1208 4464 so·

891 4527 898 4559 l
