2742 4856
520 218 652 283 canor
666 185 772 283 rnt'
999 243 1002 246 ·
1134 223 1196 290 eu

158 331 377 421 inungens
398 340 505 406 autem
514 329 642 420 Paulus,
663 355 764 426 quum
785 357 916 405 manum
938 332 1062 427 algnum
1083 336 1197 404 ailendi

67 438 213 520 dedisset,
229 435 332 507 'dixitr
354 435 420 504 Vni
431 437 550 523 iratres,
574 441 628 532 qui
639 439 755 508 timetis
766 437 883 524 Deum,
904 441 1019 510 audite.
1043 439 1197 510 17.D'eus

67 543 180 640 poptdi
200 540 297 610 huius
321 541 415 634 elegit
436 553 541 633 patrea
563 556 706 630 nostroe,
722 555 755 614 et
777 545 931 638 populum
953 547 1074 630 extulit,
1096 570 1197 638 quum

66 648 239 740 inquilinus
261 657 348 716 esset
368 646 402 714 in
427 657 510 715 terra
531 648 683 742 Aegypti,
710 661 743 720 et
764 674 821 719 eos
843 652 952 720 eduxit
972 651 1046 720 inde
1067 651 1196 730 brachio

64 753 204 822 excelso.
255 752 309 821 18.
336 749 379 820 Et
405 752 527 824 circiter
553 755 752 848 quadraginta
779 779 880 825 annua
906 757 979 826 tulit
999 777 1110 826 eornm
1131 780 1198 826 mo

65 883 117 928 res
137 859 172 926 in
194 858 332 926 deserto.
379 857 431 959 12.
452 857 496 926 Et
516 859 644 930 delectis
666 871 788 953 septem
809 862 954 954 gentibus
974 861 1008 930 in
1034 873 1117 930 terra
1139 860 1196 928 Cn

64 987 164 1049 noan,
185 974 301 1032 terram
319 963 464 1056 ipsomm
483 963 546 1034 illia
566 965 803 1036 haereditariam
825 968 919 1036 dedit.
952 973 1006 1040 20.
1022 965 1101 1036 Poot
1116 965 1196 1036 haec
1248 979 1252 988 '

68 1069 158 1137 annis
180 1069 299 1139 circiter
320 1070 551 1164 quadringentis
573 1083 605 1140 et
626 1073 849 1164 quinquaginta
867 1073 953 1140 dedit
961 1071 1084 1172 ludices
1093 1093 1197 1162 usque
1226 1106 1240 1128 ι

68 1175 110 1242 ad
130 1173 312 1244 Samuelem
333 1174 534 1268 Prophelam
578 1177 632 1244 21.
653 1176 730 1246 Inde
762 1177 963 1270 postularunt
994 1177 1131 1270 Regem,
1165 1187 1198 1246 et
1235 1215 1237 1220 ,
1303 1175 1307 1186 '

69 1281 157 1348 dedit
176 1280 236 1348 illis
258 1280 348 1350 Deus
369 1280 447 1350 Srul
467 1279 643 1366 idumeis,
664 1282 768 1350 virum
791 1308 832 1352 ex
853 1284 936 1350 tribu
949 1283 1124 1366 Beniamin,
1144 1305 1195 1350 an-

66 1387 117 1455 nis
139 1361 351 1480 quadraffirta.
401 1387 456 1454 22.
482 1384 527 1456 Et
552 1387 676 1456 oublnto
697 1386 752 1457 illo
774 1387 1017 1457 suscitavit'illis
1038 1387 1143 1455 David
1163 1389 1198 1454 in

63 1493 196 1586 Regem,
218 1493 258 1560 de
279 1492 727 1585 quotestimoninmreddena,
748 1493 843 1568 dixit:
863 1493 973 1564 inveni
983 1491 1197 1578 Davidiiliprir
1257 1521 1262 1531 ·

64 1599 161 1682 lesse,
181 1597 287 1667 virum
307 1599 490 1677 seeundum
510 1621 566 1670 eor
586 1622 706 1686 meum,
728 1600 784 1692 qui
805 1600 897 1669 faciet
923 1621 1037 1669 omnen
1056 1597 1198 1666 volunta·

65 1715 116 1776 tes
132 1727 245 1774 meaa.
300 1703 354 1773 23.
381 1701 481 1772 Cuius
503 1727 545 1773 ox
567 1705 688 1774 semiue
710 1705 800 1772 Deua
821 1705 996 1780 secundum
1016 1702 1198 1796 promissio
1308 1721 1312 1726 ·

66 1833 142 1882 nem
163 1809 327 1881 suscitavit
345 1807 452 1882 Israeli
473 1809 662 1882 salvatorem
683 1808 797 1882 lesum.

146 2019 195 2082 16.
224 2015 469 2080 inilio'netandna
488 2023 533 2078 eat
552 2017 696 2079 munionis
715 2023 825 2095 alatne,
840 2035 878 2078 no
896 2022 1031 2113 putemur
1050 2011 1198 2076 veritate·

67 2113 147 2158 mera
165 2097 197 2156 in
215 2102 311 2158 utrem
329 2097 423 2158 fundi:
442 2097 556 2158 videtur
574 2097 690 2177 quidem
709 2097 745 2158 ab
765 2117 822 2158 oro
842 2095 929 2156 ordiri
947 2094 1064 2167 Paulus,
1085 2092 1136 2152 aod
1148 2093 1197 2152 ni-

67 2175 111 2236 hil
136 2175 205 2235 dicit
228 2177 385 2258 qnod-non
405 2197 423 2236 o
442 2178 513 2237 time
532 2178 674 2256 praesenti
692 2177 821 2237 instituto
841 2175 1000 2236 conveniat.
1040 2171 1200 2233 Concilium

66 2257 131 2316 eiua
149 2261 201 2329 eet,
220 2253 340 2316 iudaeos
358 2256 396 2317 ad
415 2197 520 2315 dhriati
539 2255 626 2315 fidem
645 2255 798 2316 adducere:
818 2254 948 2336 quodni
966 2253 1018 2314 liat
1036 2251 1148 2340 nolendi
1165 2250 1199 2311 il·

66 2334 103 2395 lis
122 2351 236 2394 necem
255 2340 312 2408 eet,
340 2333 396 2395 hoo
414 2354 473 2394 uno
489 2336 568 2415 ipooa
587 2335 727 2396 excellere
746 2334 896 2416 praealtis
916 2333 1062 2414 gentibue,
1080 2331 1148 2412 quia
1167 2329 1200 2388 tl-

66 2413 105 2474 lis
130 2415 287 2507 promissus
311 2420 356 2472 eat
379 2411 529 2489 Salvator,
558 2415 640 2474 onina
663 2433 783 2494 regnum
802 2431 912 2474 rnmma
931 2419 961 2473 et
980 2413 1063 2471 unica
1082 2412 1144 2470 eiua
1164 2409 1202 2468 ait

68 2492 199 2552 felicitas.
218 2489 281 2552 Hoc
299 2493 308 2552 i
329 2494 386 2552 'tur
394 2490 477 2552 Pauli
496 2493 647 2555 exordium
666 2501 720 2569 eet,
739 2493 828 2572 Quod
846 2491 932 2554 electi
948 2492 1004 2552 sint
1023 2491 1091 2550 olim
1110 2495 1201 2569 otpe-

68 2570 184 2644 cnliaria
203 2513 360 2632 aerentffei
369 2570 509 2668 Populus,
530 2573 609 2654 qood
626 2571 848 2670 totnbenefipiin
924 2571 1050 2668 ntumrio
1069 2567 1201 2664 indignos

68 2655 697 2814 :?.tt³tt‘tti’.⁰.ttit“².ti.tt·t.”lt
708 2653 948 2813 titini?
959 2650 1202 2812 tttttffi

67 2805 191 2870 Moesiae
207 2807 351 2870 eoaDeua
369 2809 519 2890 gubernet:
539 2829 574 2872 ao
592 2811 712 2893 proinde
720 2811 791 2872 nihil
810 2831 874 2872 eese
910 2829 949 2871 no
962 2808 1127 2890 glorientur,
1146 2807 1202 2867 ulai

67 2887 124 2950 enh
144 2893 334 2968 caprimum
353 2889 530 2971 colligantur,
549 2891 609 2950 imo
627 2891 682 2952 niai
701 2890 830 2952 oblatum
904 2889 993 2971 piant,
1011 2889 1121 2950 irritum
1140 2885 1203 2948 iore
1276 2943 1281 2954 „
1358 2959 1359 2972 χ

67 2969 147 3030 ritae
164 2965 266 3027 loedua
285 2967 365 3048 qnod
384 2967 465 3029 Deus
484 2988 550 3030 cunr
568 2969 696 3050 patribus
714 2970 842 3051 ipaornm
861 2969 1015 3050 pepigerat,
1033 2967 1140 3052 nullam
1182 2971 1201 3024 θ’

67 3047 133 3110 foro
150 3045 342 3126 adoptionem.
361 3047 427 3108 Huc
446 3067 460 3107 e
480 3054 554 3108 octat
569 3049 663 3142 prima
682 3065 748 3128 para
768 3048 922 3122 concionis,
941 3046 1126 3140 praecipuum
1165 3063 1202 3104 oc

68 3123 235 3267 &effigia
254 3133 342 3208 eaput
359 3133 391 3188 et
407 3067 529 3266 loppieria
549 3126 638 3222 divini
662 3126 894 3264 fupdamerptnm
903 3123 1202 3262 ὣῦὴιίιιυιιξθὴειᾶ

68 3223 526 3368 neonataiiroeildligiodddrfflirdaild
545 3221 966 3371 eiuipddiniioraepiniassiimop.
977 3221 1201 3340 ωῐειιιὶιιΡιιιΙιιι

70 3365 109 3425 ad
128 3363 249 3424 alterurn
267 3364 428 3426 membrum
446 3363 600 3438 deseendit,
619 3361 786 3442 quodloaoe
802 3361 852 3422 illo
870 3379 957 3441 quem
995 3359 1120 3420 medicat
1132 3375 1201 3418 rere

69 3446 111 3504 ait
134 3441 281 3518 Christus,
304 3463 356 3526 per
380 3463 467 3525 quau
489 3441 599 3502 xhibita
618 3443 655 3502 eit
673 3441 750 3501 adua
769 3439 890 3523 populo:
914 3460 945 3500 m
982 3459 1032 3498 nm
1051 3439 1137 3498 etiarn
1155 3455 1200 3496 ru-
1260 3460 1265 3466 ·

70 3523 244 3620 demptionis
266 3541 320 3604 per
342 3525 438 3606 ipsum
460 3528 559 3604 partun
581 3521 720 3604 explieat:
743 3527 890 3602 praetereo
913 3518 949 3579 de
966 3519 1073 3578 virtute
1091 3517 1153 3577 eine
1171 3521 1202 3576 et

70 3602 169 3665 officio
188 3601 313 3678 tinent,
331 3611 366 3663 ut
383 3603 473 3664 roiam
491 3599 562 3682 qnid
580 3599 616 3660 ab
635 3601 699 3696 ipso
717 3599 860 3660 bonorum
878 3597 1048 3680 operandum
1066 3595 1113 3656 na.
1142 3593 1200 3656 Ex·
1228 3599 1232 3610 ¹

70 3689 164 3744 tremo
182 3681 309 3742 ὼιιιιιΙιι
328 3682 554 3763 obiurgationem
571 3685 713 3741 molinet:
736 3677 870 3740 horribile
894 3677 970 3738 enirn
988 3677 1044 3737 illia
1062 3673 1201 3736 indicium

71 3761 212 3836 minator,
236 3762 426 3824 structorem
438 3756 543 3821 talum
562 3760 639 3820 ultro
659 3777 690 3819 oe
710 3759 875 3820 offerentem
893 3775 939 3818 res
960 3761 1038 3826 uaut,
1058 3753 1095 3813 od
1114 3771 1201 3833 qoem

72 3839 177 3920 cupide
194 3841 456 3922 expotondnmLex
474 3837 674 3920 etProplretae
692 3857 743 3899 eoa
756 3839 918 3914 sollicitant.
935 3777 1014 3896 daea

71 3926 132 3980 eat:
151 3938 228 3980 nnnc
247 3922 358 4001 ringula
376 3941 430 3984 auo
449 3919 548 4016 ordino
566 3919 719 4016 excutiam.

69 4097 120 4140 ...
143 4000 384 4156 ,tunm
409 3989 1202 4160 tu.⁶ttutt:ttttu.ttttutiri:

70 4166 129 4219 tor.
178 4155 289 4235 Primo·
306 4165 392 4220 vocat
406 4160 544 4242 finirer,
572 4156 724 4237 respiciens
753 4153 790 4216 ad
813 4147 964 4215 contrrinne
983 4169 1087 4232 genua,
1116 4149 1201 4208 simul

69 4245 170 4299 tamen
199 4235 335 4300 admonet
362 4257 447 4299 veroa
476 4237 538 4297 lore
561 4235 716 4311 umatus,
744 4233 770 4294 ei
792 4231 889 4294 Deum
911 4233 1045 4303 timeant,
1073 4245 1108 4288 ae
1132 4235 1202 4288 tuno

70 4337 193 4413 qpnqne
217 4317 332 4380 denum
354 4317 472 4380 idoneos
493 4315 557 4378 loro
580 4315 736 4389 auditurae,
764 4314 832 4394 quia
854 4315 940 4372 timor
962 4308 1080 4372 Domini
1118 4305 1201 4372 finei-

1023 3835 1202 3896 lemannum

68 4417 154 4476 prum
179 4397 341 4480 sapientiae.
390 4395 497 4458 Eadem
520 4398 630 4460 ratione
654 4401 779 4458 ιιιιιιῑοι
797 4391 891 4461 reddit
908 4389 1060 4455 fideleaet
1078 4390 1102 4448 ai
1123 4389 1130 4404 '
1151 4404 1201 4448 an·
