2716 4856
348 167 368 176 '¹
390 152 413 174 ⁸
458 217 588 282 carur
606 217 714 282 xvru.
1101 229 1161 296 373

105 339 157 404 25.
195 339 256 400 ua
284 341 349 396 arnt
378 341 541 398 Miluus.
582 336 657 398 Cum
681 337 739 400 boc
762 338 856 420 elogio
880 358 983 420 parum
1007 359 1162 422 congruere

27 421 142 481 videtur
164 417 243 497 quod
268 414 357 496 paulo
381 421 448 495 post
471 415 583 476 subiicit
602 415 709 500 chae,
738 439 804 480 eum
832 425 944 480 tantum
971 421 1086 482 novisse
1109 417 1163 484 lla-

27 503 131 580 ptisrna
150 497 278 557 loannis:
308 493 358 554 scd
384 497 524 634 posterius
543 495 600 558 hoo
618 498 779 560 membrum
797 500 860 561 viee
879 501 1065 562 correctionis
1084 501 1163 562 addi·

27 584 161 639 tumeat
201 576 312 636 Interea
332 573 414 634 facie
433 573 505 636 hacc
524 575 582 636 duo
602 577 677 638 inter
696 598 727 638 se
746 579 933 648 conveniunt,
957 580 1036 659 quod
1065 587 1163 641 tenue·
1268 595 1277 618 ·

27 662 60 719 rit
79 656 231 737 Evangelii
257 655 431 728 doctrinam,
460 657 528 734 qnia
552 663 581 714 et
600 653 824 738 Redemptorem
847 658 954 720 sciebat
973 659 1080 720 mundo
1100 680 1162 721 esse

27 737 201 812 exhibitum,
229 741 259 796 et
288 735 324 794 de
353 735 443 812 gratia
472 735 707 795 reconciliationis
736 737 825 816 probe
853 738 1020 834 sincereque
1044 739 1162 800 edoctus

27 825 94 890 erat,
114 823 145 876 et
164 823 261 876 tamen
280 815 393 876 nonnisi
411 812 559 894 Evangelii
577 816 743 876 rudimentis
762 817 889 876 imbutus
908 817 1001 892 luent,
1043 827 1163 880 eatenus

27 897 136 957 terebat
153 895 267 956 loannis
284 894 434 954 institutio.
473 893 608 955 loannem
628 896 705 956 euim
724 897 798 955 inter
818 895 964 957 Christum
984 905 1014 958 et
1057 899 1161 980 rophe·

27 986 67 1036 tas
88 977 173 1071 quasi
192 975 318 1034 medium
337 973 424 1034 luisse
443 973 558 1047 scimus,
576 981 606 1035 et
625 975 660 1035 dc
681 975 743 1034 eius
762 975 858 1036 cilicio
877 983 940 1036 tum
958 983 1041 1057 pater
1056 977 1162 1039 Zacha-

26 1059 80 1116 rias
100 1076 133 1115 ιιι
152 1074 206 1116 sno
226 1053 354 1126 Cantico,
372 1060 435 1112 tum
455 1053 574 1134 angelus
593 1073 631 1114 ex
652 1054 809 1116 Malachiae
829 1055 872 1132 (3,
892 1055 934 1134 1.)
953 1057 1088 1118 vaticinio
1107 1057 1162 1118 dis-

26 1137 103 1196 serit.
125 1135 216 1194 Certe«
231 1153 320 1230 quum
339 1131 431 1194 lacem
451 1131 566 1193 Christo
585 1135 751 1214 praetulerit
771 1137 879 1195 eteius
898 1137 1034 1196 virtutem
1053 1139 1162 1219 magni-

26 1215 80 1274 liee
100 1219 279 1296 exposuerat,
302 1213 404 1272 merito
430 1211 562 1272 dicuutur
580 1214 642 1272 cius
662 1214 791 1294 discipuli
810 1213 942 1275 habuisse
963 1214 1070 1276 Christi
1089 1217 1161 1278 noti·

26 1297 105 1354 tiam.
146 1293 193 1354 Ad
222 1293 292 1352 haee
322 1291 474 1353 observatu
503 1292 589 1373 digna
618 1299 662 1352 eet
691 1293 837 1374 loquutio,
867 1293 991 1354 deissa
1016 1295 1161 1376 Baptisma

26 1373 152 1433 loannis:
172 1391 239 1432 nam
257 1371 322 1432 iude
341 1371 510 1452 colligimur,
530 1374 660 1452 quisnam
671 1391 758 1432 verus
778 1373 814 1432 it
823 1371 1072 1434 Sacramentomm
1083 1393 1162 1446 usus,

26 1461 55 1512 ut
75 1451 186 1512 scilicet
203 1471 258 1512 nos
276 1452 307 1512 in
326 1458 436 1512 mdum
455 1451 571 1532 aliquod
591 1451 738 1512 doctrinae
757 1473 848 1532 genus
867 1453 986 1527 initient,
1006 1454 1054 1514 vel
1073 1473 1161 1535 quam

26 1532 112 1592 semel
132 1531 257 1612 amplexi
276 1550 375 1590 sumus
395 1530 481 1592 fidem
500 1533 635 1591 sanciunt.
676 1531 762 1594 Certe
782 1551 799 1592 a
819 1532 949 1592 doctrina
968 1533 1061 1607 avelli,
1081 1533 1161 1594 netas

26 1619 65 1672 est
94 1618 125 1670 et
153 1613 193 1671 im
215 1613 243 1672 ia
265 1611 440 1690 profanatio:
529 1630 560 1670 re
583 1615 616 1669 ut
640 1611 694 1670 rite
718 1611 949 1678 administrentur
968 1610 1161 1686 Sacramenta,

26 1711 127 1750 vocam
211 1692 278 1752 estis
298 1691 443 1750 doctrinae
464 1690 471 1705 ⁸
496 1691 521 1750 ic
540 1707 673 1750 resonare
691 1709 807 1750 necesse
827 1697 880 1750 est
921 1688 999 1767 Quid
1020 1695 1097 1752 enim
1115 1699 1160 1752 est

26 1771 188 1851 Baptismus
206 1769 338 1831 loannis?
362 1767 469 1828 'l'otum
488 1770 549 1829 eius
568 1769 755 1828 minutatim
775 1770 975 1848 complectitur
993 1769 1086 1831 Lucas
1105 1771 1161 1832 boc

26 1852 138 1910 nomine
157 1870 218 1910 non
236 1856 349 1910 tautum
368 1850 435 1928 quia
454 1847 601 1928 baptismo
621 1866 733 1908 annena
756 1853 802 1906 est
825 1847 971 1920 doctriua,
1000 1849 1050 1908 sed
1075 1851 1159 1908 etiam

26 1932 90 2010 quia
109 1929 405 2070 eiusffundamentum
424 1935 454 1990 et
473 1934 559 2010 caput
578 1932 637 2002 est,
662 1928 725 1988 siue
744 1945 802 2008 qua
821 1927 913 1988 inania
931 1931 963 1990 et
981 1934 1095 1990 mortua
1115 1947 1159 1988 ce

26 2015 367 2169 remoppwpp'etspm
390 2089 570 2172 loquelatur.
610 2084 666 2146 Hie
695 2085 750 2146 alia
774 2085 859 2146 laude
885 2090 1003 2146 ornatur
1027 2084 1054 2146 A
1076 2085 1157 2158 ollos,
1228 2075 1232 2088 '

26 2169 101 2248 quod
126 2175 225 2230 sancto
249 2169 312 2238 neto
337 2169 497 2262 flagraverit
522 2167 558 2232 ad
578 2163 748 2234 docendum,
789 2163 929 2224 Doctrina
948 2165 1010 2224 siue
1029 2106 1092 2224 nelo
1111 2165 1158 2224 vcl

25 2249 131 2330 gladius
150 2249 245 2310 estin
264 2267 352 2308 manu
371 2247 481 2319 luriosi,
499 2245 546 2306 vel
566 2245 665 2327 frigida
684 2251 714 2304 et
733 2245 794 2304 siue
813 2263 868 2303 usu
886 2244 967 2317 iacet,
988 2245 1035 2304 vel
1054 2261 1158 2324 pravae

25 2329 205 2389 ostentationi
224 2329 320 2388 servit
350 2326 487 2386 Videmus
507 2327 582 2386 enim
603 2345 639 2386 ex
660 2324 822 2384 homiuibus
841 2323 931 2384 doctis
950 2321 1022 2383 alios
1041 2324 1158 2402 iguarmr
1281 2371 1293 2384 ,
1331 2403 1332 2412 ¹

25 2416 137 2488 torpere
155 2407 236 2480 alios,
257 2405 335 2486 quod
354 2405 477 2466 deterius
496 2411 549 2480 est,
568 2405 721 2465 ambitione
733 2403 830 2464 iactari
840 2403 920 2477 alios,
941 2402 1156 2482 quodomnium

25 2495 65 2548 ast
95 2487 265 2567 pessimum,
295 2485 522 2566 contentionibus
546 2493 576 2546 et
599 2487 669 2544 rixis
692 2483 806 2544 turbare
829 2481 1010 2553 Ecclesiam..
1034 2480 1157 2564 lusipida

25 2585 92 2644 ergo
118 2566 174 2624 crit
197 2564 338 2637 doctrina,
368 2567 399 2624 in
419 2583 476 2644 qua
495 2585 553 2626 nou
573 2567 601 2624 vi
638 2565 680 2632 bit
698 2563 785 2624 aelus.
826 2561 978 2624 Caeterum
998 2561 1156 2622 memineri-

25 2664 101 2717 mus,
130 2643 294 2725 Scripturae
323 2645 468 2706 scientiam
492 2647 588 2726 priora
623 2665 676 2705 oco
700 2645 822 2724 positam
841 2661 903 2702 esse
923 2661 940 2702 a
959 2640 1052 2716 Luca,
1081 2659 1155 2722 quae

25 2730 97 2784 esset
116 2724 171 2784 reli
190 2724 354 2786 moderatio.
378 2723 492 2786 Scimm
506 2725 582 2785 enim
591 2725 697 2784 multos
706 2721 909 2784 inconsiderate
918 2721 1037 2796 fervere,
1057 2741 1154 2802 quem·
1225 2733 1230 2744 ’

25 2803 176 2864 admodum
200 2803 295 2866 ludaei
318 2809 454 2886 perverso
480 2802 562 2886 begis
587 2805 681 2864 studio
705 2811 803 2864 contra
823 2799 1010 2882 Evangelium
1035 2801 1161 2868 insanie·'

25 2885 102 2942 baut:
114 2890 151 2959 ,et
169 2883 255 2944 hodie
273 2885 412 2960 videmus,
432 2905 517 2966 quam
536 2884 645 2944 furioso
663 2885 771 2964 impetu
782 2889 908 2942 aestuent
920 2881 1059 2962 Papiriae,
1079 2900 1152 2966 quos

25 2971 127 3024 temere
146 2971 284 3046 concepte
302 2965 399 3046 opinio
419 2965 541 3044 instigat.
566 2963 645 3026 Arsit
663 2981 732 3041 ergo
751 2963 867 3022 adeatis
876 2961 1059 3034 moderatrix,
1078 2979 1152 3040 quae

25 3043 115 3102 zelum
144 3049 231 3122 regat
253 3043 329 3104 lam
354 3061 424 3104 vero
448 3043 546 3102 terror
565 3043 667 3102 dicitur
686 3042 775 3100 tuisse
800 3059 886 3100 cansa
910 3040 958 3100 diti
978 3042 1087 3113 entiae,
1116 3058 1151 3098 eo

25 3122 100 3201 quod
119 3120 240 3201 Apolloa
259 3121 358 3181 sedulo
378 3121 415 3181 ad
434 3121 592 3181 docendum
611 3119 752 3180 incubuit:
771 3119 874 3198 quodsi
893 3122 937 3180 vir
955 3061 1004 3187 ille
1023 3118 1150 3178 noudum

25 3208 124 3261 exacte
142 3201 325 3280 perfecteque
348 3201 378 3259 iu
397 3199 553 3280 Evangelio
577 3199 694 3258 edoctus
713 3204 774 3257 tam
793 3197 893 3258 sedulo
913 3203 943 3258 el
961 3196 1049 3256 libera
1069 3195 1150 3256 chri.

25 3288 99 3340 stum
118 3279 305 3359 praedicavit,
325 3279 394 3358 quid
412 3278 466 3340 sibi
485 3279 675 3338 mensationis
694 3277 756 3336 fore
776 3282 905 3356 sperant,
925 3274 1029 3355 quibus
1048 3273 1151 3338 clarius

25 3367 52 3420 et
91 3358 180 3423 lenius
197 3359 322 3420 innotuit
340 3359 419 3438 quod
438 3358 532 3418 adbuc
551 3359 632 3418 illum
651 3357 771 3430 latebat,
790 3355 844 3416 uisi
864 3361 1005 3418 conentur
1025 3374 1078 3435 pro
1099 3372 1149 3414 sua

25 3380 94 3498 virili
114 3439 220 3498 Christi
243 3457 361 3520 regnum
385 3439 575 3520 promoverat
613 3436 767 3497 Fervorem
791 3433 911 3516 Spiritui
935 3433 999 3495 ideo
1024 3434 1151 3500 attribuit

25 3519 122 3590 hocas,
141 3519 219 3599 qnod
238 3537 334 3578 rarum
353 3527 397 3578 est
415 3537 449 3579 ac
469 3518 611 3599 peculiare
620 3517 740 3576 donum:
761 3535 854 3596 neque
874 3517 951 3574 enim
969 3516 1149 3596 interpretor,

25 3599 127 3737 Apolpo
146 3600 248 3660 mantis
267 3617 335 3658 suae
353 3599 490 3660 instinctu
514 3597 602 3658 inisse
625 3597 812 3670 mannaan,
841 3595 891 3656 aed
909 3594 1034 3676 Spiritus
1058 3597 1149 3658 sancti

25 3699 62 3737 rm
83 3698 152 3739 usu

62 3699 81 3759 p
101 3761 148 3819 96.
180 3765 271 3834 Quem
291 3781 380 3841 mum
399 3759 538 3842 andaset.
577 3753 674 3835 Quam
694 3754 746 3816 sibi
766 3753 870 3820 addicti
889 3775 948 3828 uon
968 3755 1024 3814 sint
1044 3751 1148 3840 Aquila

25 3845 54 3896 et
73 3835 209 3912 Priscilla,
235 3857 288 3902 uec
307 3839 415 3899 alienae
434 3838 532 3898 virtmi
550 3836 708 3909 invideant,
727 3835 794 3896 hinc
813 3841 946 3916 apparet,
970 3833 1147 3914 quoddami-

25 3917 126 3976 liariter
153 3923 183 3975 et
210 3919 343 3996 privatim
372 3919 490 3978 tradunt
513 3915 621 3976 homini
645 3915 768 3976 facundo
789 3913 983 3996 quaedeiude
1008 3913 1037 3972 ln
1057 3910 1147 3992 publi-

25 4015 157 4138 titt?
158 3995 281 4136 titt
284 4017 322 4136 ⁰i¹
341 3998 488 4138 lilii*
506 3995 576 4144 {⁸15⁰
577 3993 1053 4136 lalli¹³isl⁰ir⁵0¹¹⁶till⁰idl
1063 3996 1145 4132 tt?

25 4097 314 4297 coustumia
333 4095 945 4316 rturtuusrruhr
959 4093 1065 4312 iat
1083 4151 1145 4310 ut

314 4282 321 4296 a
592 4295 594 4297 .
1066 4273 1075 4304 9

26 4334 57 4375 se
74 4335 129 4376 nnn
146 4323 259 4377 tantum
277 4315 313 4377 ab
334 4317 436 4399 opifice
454 4317 618 4393 manuario,
646 4316 697 4376 sed
720 4317 807 4378 etiam
832 4333 849 4374 a
873 4312 978 4374 semina
1002 4311 1098 4373 doceri
1117 4315 1145 4366 et
1276 4367 1281 4378 ,

27 4395 142 4476 expoliti
168 4415 269 4480 passus
297 4403 350 4460 est.
399 4395 506 4459 Potens
530 4403 592 4459 erat
614 4398 645 4458 in
664 4395 811 4477 Scriptura
835 4393 939 4455 stillis
959 4393 1140 4474 longesupe·
