<?xml version="1.0" encoding="UTF-8"?>
<!DOCTYPE html PUBLIC "-//W3C//DTD XHTML 1.0 Transitional//EN"
    "http://www.w3.org/TR/xhtml1/DTD/xhtml1-transitional.dtd">
<html xmlns="http://www.w3.org/1999/xhtml" xml:lang="en" lang="en">
 <head>
  <title>
</title>
<meta http-equiv="Content-Type" content="text/html;charset=utf-8" />
  <meta name='ocr-system' content='tesseract 3.04.00' />
  <meta name='ocr-capabilities' content='ocr_page ocr_carea ocr_par ocr_line ocrx_word'/>
</head>
<body>
  <div class='ocr_page' id='page_1' title='image "./innovumtestamen00tholgoog_0515.png"; bbox 0 0 2786 4866; ppageno 0'>
   <div class='ocr_carea' id='block_1_1' title="bbox 154 155 954 252">
    <p class='ocr_par' dir='ltr' id='par_1_1' title="bbox 154 155 954 252">
     <span class='ocr_line' id='line_1_1' title="bbox 154 155 954 252; baseline -0.016 -2"><span class='ocrx_word' id='word_1_1' title='bbox 154 189 214 252; x_wconf 80' lang='lat' dir='ltr'><strong>aaa</strong></span> <span class='ocrx_word' id='word_1_2' title='bbox 371 173 376 179; x_wconf 88' lang='grc'><em>·</em></span> <span class='ocrx_word' id='word_1_3' title='bbox 557 177 598 240; x_wconf 79' lang='lat' dir='ltr'><strong>rr</strong></span> <span class='ocrx_word' id='word_1_4' title='bbox 617 177 722 242; x_wconf 80' lang='lat' dir='ltr'><strong>acra</strong></span> <span class='ocrx_word' id='word_1_5' title='bbox 740 155 954 242; x_wconf 82' lang='lat' dir='ltr'><strong>urosr.-&#39;</strong></span> 
     </span>
    </p>
   </div>
   <div class='ocr_carea' id='block_1_2' title="bbox 54 289 1373 2612">
    <p class='ocr_par' dir='ltr' id='par_1_2' title="bbox 152 289 1291 781">
     <span class='ocr_line' id='line_1_2' title="bbox 183 289 1291 382; baseline -0.005 -22"><span class='ocrx_word' id='word_1_6' title='bbox 183 296 320 360; x_wconf 84' lang='lat' dir='ltr'><strong>trulnns</strong></span> <span class='ocrx_word' id='word_1_7' title='bbox 338 289 438 360; x_wconf 84' lang='lat' dir='ltr'><strong>ast&#39;ad</strong></span> <span class='ocrx_word' id='word_1_8' title='bbox 457 293 615 360; x_wconf 83' lang='lat' dir='ltr'><strong>sanandum</strong></span> <span class='ocrx_word' id='word_1_9' title='bbox 635 293 759 356; x_wconf 73' lang='lat' dir='ltr'><strong>difficile.</strong></span> <span class='ocrx_word' id='word_1_10' title='bbox 797 291 846 354; x_wconf 82' lang='lat' dir='ltr'><strong>Ex</strong></span> <span class='ocrx_word' id='word_1_11' title='bbox 863 291 1068 360; x_wconf 77' lang='lat' dir='ltr'><strong>convocatione</strong></span> <span class='ocrx_word' id='word_1_12' title='bbox 1088 305 1225 382; x_wconf 57' lang='lat' dir='ltr'><strong>apparea</strong></span> <span class='ocrx_word' id='word_1_13' title='bbox 1246 321 1291 364; x_wconf 62' lang='grc' dir='ltr'><strong>οι.</strong></span> 
     </span>
     <span class='ocr_line' id='line_1_3' title="bbox 176 373 1289 460; baseline 0.002 -21"><span class='ocrx_word' id='word_1_14' title='bbox 176 379 289 440; x_wconf 82' lang='lat' dir='ltr'><strong>&#39;aest</strong></span> <span class='ocrx_word' id='word_1_15' title='bbox 317 377 427 443; x_wconf 89' lang='lat' dir='ltr'><strong>ratione</strong></span> <span class='ocrx_word' id='word_1_16' title='bbox 451 375 638 460; x_wconf 71' lang='lat' dir='ltr'><strong>gubernatam</strong></span> <span class='ocrx_word' id='word_1_17' title='bbox 660 375 749 438; x_wconf 81' lang='lat' dir='ltr'><strong>fuisse</strong></span> <span class='ocrx_word' id='word_1_18' title='bbox 773 373 934 450; x_wconf 83' lang='lat' dir='ltr'><strong>ecclesiam,</strong></span> <span class='ocrx_word' id='word_1_19' title='bbox 959 380 993 435; x_wconf 91' lang='lat' dir='ltr'><strong>ut</strong></span> <span class='ocrx_word' id='word_1_20' title='bbox 1015 394 1106 456; x_wconf 84' lang='lat' dir='ltr'><strong>penes</strong></span> <span class='ocrx_word' id='word_1_21' title='bbox 1130 377 1289 460; x_wconf 77' lang='lat' dir='ltr'><strong>Apostolos</strong></span> 
     </span>
     <span class='ocr_line' id='line_1_4' title="bbox 152 453 1290 538; baseline 0.002 -18"><span class='ocrx_word' id='word_1_22' title='bbox 152 463 228 520; x_wconf 83' lang='lat' dir='ltr'><strong>esset</strong></span> <span class='ocrx_word' id='word_1_23' title='bbox 246 458 414 532; x_wconf 84' lang='lat' dir='ltr'><strong>auctoritas,</strong></span> <span class='ocrx_word' id='word_1_24' title='bbox 433 475 500 518; x_wconf 89' lang='lat' dir='ltr'><strong>cum</strong></span> <span class='ocrx_word' id='word_1_25' title='bbox 519 455 603 538; x_wconf 80' lang='lat' dir='ltr'>plebe</span> <span class='ocrx_word' id='word_1_26' title='bbox 621 463 719 516; x_wconf 87' lang='lat' dir='ltr'><strong>tamen</strong></span> <span class='ocrx_word' id='word_1_27' title='bbox 737 453 978 516; x_wconf 74' lang='lat' dir='ltr'><strong>communicarent</strong></span> <span class='ocrx_word' id='word_1_28' title='bbox 997 473 1052 514; x_wconf 83' lang='lat' dir='ltr'><strong>suu</strong></span> <span class='ocrx_word' id='word_1_29' title='bbox 1072 459 1201 520; x_wconf 84' lang='lat' dir='ltr'><strong>consilia.</strong></span> <span class='ocrx_word' id='word_1_30' title='bbox 1230 459 1290 522; x_wconf 88' lang='lat' dir='ltr'><strong>0b·</strong></span> 
     </span>
     <span class='ocr_line' id='line_1_5' title="bbox 153 531 1290 676; baseline 0 -78"><span class='ocrx_word' id='word_1_31' title='bbox 153 535 325 634; x_wconf 74' lang='lat' dir='ltr'><strong>seqrandqm</strong></span> <span class='ocrx_word' id='word_1_32' title='bbox 353 539 456 634; x_wconf 77' lang='lat' dir='ltr'><strong>etiam,</strong></span> <span class='ocrx_word' id='word_1_33' title='bbox 485 535 639 676; x_wconf 74' lang='lat' dir='ltr'><strong>discipulos</strong></span> <span class='ocrx_word' id='word_1_34' title='bbox 657 535 727 632; x_wconf 71' lang='lat' dir='ltr'><strong>porri</strong></span> <span class='ocrx_word' id='word_1_35' title='bbox 745 554 799 616; x_wconf 91' lang='lat' dir='ltr'><strong>pro</strong></span> <span class='ocrx_word' id='word_1_36' title='bbox 819 531 948 594; x_wconf 87' lang='lat' dir='ltr'><strong>lidclibus</strong></span> <span class='ocrx_word' id='word_1_37' title='bbox 967 541 1020 594; x_wconf 85' lang='lat' dir='ltr'><strong>aut</strong></span> <span class='ocrx_word' id='word_1_38' title='bbox 1038 532 1227 612; x_wconf 74' lang='lat' dir='ltr'><strong>Christianis,</strong></span> <span class='ocrx_word' id='word_1_39' title='bbox 1259 544 1290 604; x_wconf 84' lang='lat' dir='ltr'><strong>in</strong></span> 
     </span>
     <span class='ocr_line' id='line_1_6' title="bbox 152 612 1288 781; baseline 0.005 -23"><span class='ocrx_word' id='word_1_40' title='bbox 152 615 509 760; x_wconf 63' lang='lat' dir='ltr'><strong>ttlttttl‘tdtt‘</strong></span> <span class='ocrx_word' id='word_1_41' title='bbox 526 612 1288 781; x_wconf 52' lang='lat' dir='ltr'><strong>ttlsbttntffitn‘ltttn‘tal&#39;it</strong></span> 
     </span>
    </p>

    <p class='ocr_par' dir='ltr' id='par_1_3' title="bbox 153 795 1287 996">
     <span class='ocr_line' id='line_1_7' title="bbox 153 795 1287 996; baseline 0.001 -76"><span class='ocrx_word' id='word_1_42' title='bbox 153 795 427 996; x_wconf 48' lang='grc' dir='ltr'><strong>Μῗοῗίὶαιά.</strong></span> <span class='ocrx_word' id='word_1_43' title='bbox 466 854 576 920; x_wconf 82' lang='lat' dir='ltr'><strong>Graece</strong></span> <span class='ocrx_word' id='word_1_44' title='bbox 594 853 718 918; x_wconf 87' lang='lat' dir='ltr'><strong>hebetur</strong></span> <span class='ocrx_word' id='word_1_45' title='bbox 736 849 794 916; x_wconf 67' lang='lat' dir='ltr'><strong>ode</strong></span> <span class='ocrx_word' id='word_1_46' title='bbox 808 851 940 948; x_wconf 62' lang='lat' dir='ltr'><strong>’aqrqeo&#39;u</strong></span> <span class='ocrx_word' id='word_1_47' title='bbox 969 849 1041 932; x_wconf 82' lang='lat' dir='ltr'><strong>Quo</strong></span> <span class='ocrx_word' id='word_1_48' title='bbox 1060 857 1176 918; x_wconf 91' lang='lat' dir='ltr'><strong>nomine</strong></span> <span class='ocrx_word' id='word_1_49' title='bbox 1185 857 1287 922; x_wconf 81' lang='lat' dir='ltr'><strong>Graeci</strong></span> 
     </span>
    </p>

    <p class='ocr_par' dir='ltr' id='par_1_4' title="bbox 153 932 1291 1020">
     <span class='ocr_line' id='line_1_8' title="bbox 153 932 1291 1020; baseline 0.001 -22"><span class='ocrx_word' id='word_1_50' title='bbox 153 955 231 998; x_wconf 90' lang='lat' dir='ltr'><strong>nuno</strong></span> <span class='ocrx_word' id='word_1_51' title='bbox 250 955 308 1018; x_wconf 78' lang='lat' dir='ltr'><strong>que</strong></span> <span class='ocrx_word' id='word_1_52' title='bbox 347 937 409 998; x_wconf 88' lang='lat' dir='ltr'><strong>aliis</strong></span> <span class='ocrx_word' id='word_1_53' title='bbox 428 943 563 1020; x_wconf 73' lang='lat' dir='ltr'><strong>praestat,</strong></span> <span class='ocrx_word' id='word_1_54' title='bbox 582 944 612 998; x_wconf 85' lang='lat' dir='ltr'><strong>et</strong></span> <span class='ocrx_word' id='word_1_55' title='bbox 630 943 768 1017; x_wconf 85' lang='lat' dir='ltr'><strong>tanquam</strong></span> <span class='ocrx_word' id='word_1_56' title='bbox 787 932 888 998; x_wconf 80' lang='lat' dir='ltr'><strong>mehor</strong></span> <span class='ocrx_word' id='word_1_57' title='bbox 906 933 1127 1012; x_wconf 81' lang='lat' dir='ltr'><strong>praeferendum</strong></span> <span class='ocrx_word' id='word_1_58' title='bbox 1145 944 1199 1014; x_wconf 66' lang='lat' dir='ltr'><strong>est,</strong></span> <span class='ocrx_word' id='word_1_59' title='bbox 1212 959 1291 1000; x_wconf 90' lang='lat' dir='ltr'><strong>nunc</strong></span> 
     </span>
    </p>

    <p class='ocr_par' dir='ltr' id='par_1_5' title="bbox 152 1012 1293 1178">
     <span class='ocr_line' id='line_1_9' title="bbox 152 1012 1293 1178; baseline 0 -20"><span class='ocrx_word' id='word_1_60' title='bbox 152 1012 1206 1178; x_wconf 51' lang='lat' dir='ltr'><strong>li⁰ilidllffadibliialiuiliiliiilifficiidunlli</strong></span> <span class='ocrx_word' id='word_1_61' title='bbox 1221 1019 1293 1158; x_wconf 72' lang='lat' dir='ltr'><strong>ili</strong></span> 
     </span>
    </p>

    <p class='ocr_par' dir='ltr' id='par_1_6' title="bbox 152 1171 1292 1258">
     <span class='ocr_line' id='line_1_10' title="bbox 152 1171 1292 1258; baseline 0.001 -21"><span class='ocrx_word' id='word_1_62' title='bbox 152 1173 271 1257; x_wconf 85' lang='lat' dir='ltr'><strong>expedit</strong></span> <span class='ocrx_word' id='word_1_63' title='bbox 289 1175 344 1236; x_wconf 81' lang='lat' dir='ltr'><strong>hae</strong></span> <span class='ocrx_word' id='word_1_64' title='bbox 362 1195 431 1238; x_wconf 90' lang='lat' dir='ltr'><strong>cura</strong></span> <span class='ocrx_word' id='word_1_65' title='bbox 448 1177 527 1258; x_wconf 90' lang='lat' dir='ltr'><strong>ipsos</strong></span> <span class='ocrx_word' id='word_1_66' title='bbox 546 1175 670 1250; x_wconf 85' lang='lat' dir='ltr'><strong>involvi,</strong></span> <span class='ocrx_word' id='word_1_67' title='bbox 695 1176 753 1234; x_wconf 90' lang='lat' dir='ltr'><strong>iam</strong></span> <span class='ocrx_word' id='word_1_68' title='bbox 771 1171 904 1234; x_wconf 88' lang='lat' dir='ltr'><strong>videntur</strong></span> <span class='ocrx_word' id='word_1_69' title='bbox 921 1173 1045 1253; x_wconf 83' lang='lat' dir='ltr'><strong>aliquam</strong></span> <span class='ocrx_word' id='word_1_70' title='bbox 1064 1175 1095 1234; x_wconf 90' lang='lat' dir='ltr'><strong>iu</strong></span> <span class='ocrx_word' id='word_1_71' title='bbox 1114 1194 1152 1236; x_wconf 92' lang='lat' dir='ltr'><strong>eo</strong></span> <span class='ocrx_word' id='word_1_72' title='bbox 1173 1176 1221 1236; x_wconf 89' lang='lat' dir='ltr'><strong>cul</strong></span> <span class='ocrx_word' id='word_1_73' title='bbox 1242 1197 1292 1238; x_wconf 89' lang='lat' dir='ltr'><strong>am</strong></span> 
     </span>
    </p>

    <p class='ocr_par' dir='ltr' id='par_1_7' title="bbox 152 1249 1291 1412">
     <span class='ocr_line' id='line_1_11' title="bbox 152 1249 1291 1412; baseline -0.008 -18"><span class='ocrx_word' id='word_1_74' title='bbox 152 1272 327 1400; x_wconf 71' lang='lat' dir='ltr'><strong>roeo</strong></span> <span class='ocrx_word' id='word_1_75' title='bbox 341 1249 1122 1412; x_wconf 51' lang='lat' dir='ltr'><strong>attandarra</strong></span> <span class='ocrx_word' id='word_1_76' title='bbox 1135 1257 1291 1396; x_wconf 68' lang='lat' dir='ltr'><strong>aaa</strong></span> 
     </span>
    </p>

    <p class='ocr_par' dir='ltr' id='par_1_8' title="bbox 152 1353 1282 1554">
     <span class='ocr_line' id='line_1_12' title="bbox 152 1353 1282 1554; baseline 0.001 -79"><span class='ocrx_word' id='word_1_77' title='bbox 152 1353 219 1475; x_wconf 56' lang='lat' dir='ltr'><strong>mlull</strong></span> <span class='ocrx_word' id='word_1_78' title='bbox 236 1413 409 1496; x_wconf 79' lang='lat' dir='ltr'><strong>Apostolos,</strong></span> <span class='ocrx_word' id='word_1_79' title='bbox 438 1355 593 1510; x_wconf 63' lang='lat' dir='ltr'><strong>postqlm</strong></span> <span class='ocrx_word' id='word_1_80' title='bbox 617 1414 732 1554; x_wconf 77' lang='lat' dir='ltr'><strong>experti</strong></span> <span class='ocrx_word' id='word_1_81' title='bbox 751 1419 819 1474; x_wconf 83' lang='lat' dir='ltr'><strong>cunt</strong></span> <span class='ocrx_word' id='word_1_82' title='bbox 836 1431 939 1472; x_wconf 85' lang='lat' dir='ltr'><strong>munus</strong></span> <span class='ocrx_word' id='word_1_83' title='bbox 961 1411 1030 1472; x_wconf 94' lang='lat' dir='ltr'><strong>illud</strong></span> <span class='ocrx_word' id='word_1_84' title='bbox 1052 1374 1107 1474; x_wconf 82' lang='lat' dir='ltr'><strong>sibi</strong></span> <span class='ocrx_word' id='word_1_85' title='bbox 1128 1433 1188 1474; x_wconf 92' lang='lat' dir='ltr'><strong>non</strong></span> <span class='ocrx_word' id='word_1_86' title='bbox 1212 1433 1282 1476; x_wconf 90' lang='lat' dir='ltr'><strong>con·</strong></span> 
     </span>
    </p>

    <p class='ocr_par' dir='ltr' id='par_1_9' title="bbox 154 1491 1282 1590">
     <span class='ocr_line' id='line_1_13' title="bbox 154 1491 1282 1590; baseline 0 -36"><span class='ocrx_word' id='word_1_87' title='bbox 154 1513 271 1590; x_wconf 28' lang='lat' dir='ltr'><strong>grueret,</strong></span> <span class='ocrx_word' id='word_1_88' title='bbox 290 1493 326 1590; x_wconf 78' lang='lat' dir='ltr'><strong>ab</strong></span> <span class='ocrx_word' id='word_1_89' title='bbox 345 1491 470 1590; x_wconf 76' lang='lat' dir='ltr'><strong>Ecclesia</strong></span> <span class='ocrx_word' id='word_1_90' title='bbox 489 1500 650 1590; x_wconf 35' lang='lat' dir='ltr'><strong>pelope-ut·</strong></span> <span class='ocrx_word' id='word_1_91' title='bbox 671 1491 823 1590; x_wconf 71' lang='lat' dir='ltr'><strong>‘berentun</strong></span> <span class='ocrx_word' id='word_1_92' title='bbox 863 1491 967 1588; x_wconf 72' lang='lat' dir='ltr'><strong>lterum</strong></span> <span class='ocrx_word' id='word_1_93' title='bbox 985 1493 1009 1552; x_wconf 85' lang='lat' dir='ltr'><strong>si</strong></span> <span class='ocrx_word' id='word_1_94' title='bbox 1027 1511 1084 1573; x_wconf 91' lang='lat' dir='ltr'><strong>qua</strong></span> <span class='ocrx_word' id='word_1_95' title='bbox 1103 1500 1166 1588; x_wconf 75' lang='lat' dir='ltr'><strong>erat</strong></span> <span class='ocrx_word' id='word_1_96' title='bbox 1184 1493 1282 1590; x_wconf 87' lang='lat' dir='ltr'><strong>culpa,</strong></span> 
     </span>
    </p>

    <p class='ocr_par' dir='ltr' id='par_1_10' title="bbox 155 1569 1286 1655">
     <span class='ocr_line' id='line_1_14' title="bbox 155 1569 1286 1655; baseline 0.001 -21"><span class='ocrx_word' id='word_1_97' title='bbox 155 1579 316 1634; x_wconf 66' lang='lat' dir='ltr'><strong>nmina</strong></span> <span class='ocrx_word' id='word_1_98' title='bbox 334 1593 424 1655; x_wconf 80' lang='lat' dir='ltr'><strong>magra</strong></span> <span class='ocrx_word' id='word_1_99' title='bbox 448 1573 616 1654; x_wconf 82' lang='lat' dir='ltr'><strong>quamdiu</strong></span> <span class='ocrx_word' id='word_1_100' title='bbox 640 1580 776 1655; x_wconf 73' lang='lat' dir='ltr'><strong>imputari</strong></span> <span class='ocrx_word' id='word_1_101' title='bbox 801 1569 906 1633; x_wconf 78' lang='lat' dir='ltr'><strong>debuit</strong></span> <span class='ocrx_word' id='word_1_102' title='bbox 947 1569 1042 1654; x_wconf 83' lang='lat' dir='ltr'>Neque</span> <span class='ocrx_word' id='word_1_103' title='bbox 1070 1591 1148 1633; x_wconf 88' lang='lat' dir='ltr'><strong>emm</strong></span> <span class='ocrx_word' id='word_1_104' title='bbox 1177 1573 1286 1654; x_wconf 81' lang='lat' dir='ltr'><strong>cupide</strong></span> 
     </span>
    </p>

    <p class='ocr_par' dir='ltr' id='par_1_11' title="bbox 155 1647 1289 1736">
     <span class='ocr_line' id='line_1_15' title="bbox 155 1647 1289 1736; baseline 0 -22"><span class='ocrx_word' id='word_1_105' title='bbox 155 1669 229 1714; x_wconf 85' lang='lat' dir='ltr'><strong>ouua</strong></span> <span class='ocrx_word' id='word_1_106' title='bbox 247 1651 304 1712; x_wconf 89' lang='lat' dir='ltr'><strong>hoe</strong></span> <span class='ocrx_word' id='word_1_107' title='bbox 323 1655 516 1734; x_wconf 88' lang='lat' dir='ltr'><strong>arripuerant,</strong></span> <span class='ocrx_word' id='word_1_108' title='bbox 536 1653 586 1714; x_wconf 87' lang='lat' dir='ltr'><strong>sed</strong></span> <span class='ocrx_word' id='word_1_109' title='bbox 608 1673 697 1736; x_wconf 92' lang='lat' dir='ltr'><strong>quum</strong></span> <span class='ocrx_word' id='word_1_110' title='bbox 715 1653 772 1714; x_wconf 85' lang='lat' dir='ltr'><strong>alia</strong></span> <span class='ocrx_word' id='word_1_111' title='bbox 790 1654 862 1714; x_wconf 89' lang='lat' dir='ltr'><strong>ratio</strong></span> <span class='ocrx_word' id='word_1_112' title='bbox 882 1647 1004 1732; x_wconf 84' lang='lat' dir='ltr'><strong>nondum</strong></span> <span class='ocrx_word' id='word_1_113' title='bbox 1021 1657 1164 1726; x_wconf 78' lang='lat' dir='ltr'><strong>emtaret,</strong></span> <span class='ocrx_word' id='word_1_114' title='bbox 1189 1671 1221 1714; x_wconf 81' lang='lat' dir='ltr'><strong>se</strong></span> <span class='ocrx_word' id='word_1_115' title='bbox 1241 1653 1289 1713; x_wconf 90' lang='lat' dir='ltr'><strong>ul·</strong></span> 
     </span>
    </p>

    <p class='ocr_par' dir='ltr' id='par_1_12' title="bbox 155 1729 1290 1815">
     <span class='ocr_line' id='line_1_16' title="bbox 155 1729 1290 1815; baseline -0.003 -20"><span class='ocrx_word' id='word_1_116' title='bbox 155 1737 202 1795; x_wconf 77' lang='lat' dir='ltr'><strong>tra</strong></span> <span class='ocrx_word' id='word_1_117' title='bbox 231 1729 351 1798; x_wconf 88' lang='lat' dir='ltr'><strong>modum</strong></span> <span class='ocrx_word' id='word_1_118' title='bbox 374 1733 488 1814; x_wconf 83' lang='lat' dir='ltr'><strong>gravari</strong></span> <span class='ocrx_word' id='word_1_119' title='bbox 511 1729 669 1808; x_wconf 87' lang='lat' dir='ltr'><strong>malebant,</strong></span> <span class='ocrx_word' id='word_1_120' title='bbox 693 1751 781 1814; x_wconf 89' lang='lat' dir='ltr'><strong>quam</strong></span> <span class='ocrx_word' id='word_1_121' title='bbox 804 1751 939 1815; x_wconf 80' lang='lat' dir='ltr'><strong>pauperes</strong></span> <span class='ocrx_word' id='word_1_122' title='bbox 960 1731 1075 1814; x_wconf 83' lang='lat' dir='ltr'><strong>negligi.</strong></span> <span class='ocrx_word' id='word_1_123' title='bbox 1120 1729 1290 1810; x_wconf 76' lang='lat' dir='ltr'><strong>Caeterum,</strong></span> 
     </span>
    </p>

    <p class='ocr_par' dir='ltr' id='par_1_13' title="bbox 156 1809 1290 1894">
     <span class='ocr_line' id='line_1_17' title="bbox 156 1809 1290 1894; baseline 0.001 -22"><span class='ocrx_word' id='word_1_124' title='bbox 156 1830 248 1892; x_wconf 90' lang='lat' dir='ltr'><strong>quum</strong></span> <span class='ocrx_word' id='word_1_125' title='bbox 266 1817 372 1892; x_wconf 85' lang='lat' dir='ltr'><strong>negant</strong></span> <span class='ocrx_word' id='word_1_126' title='bbox 390 1831 514 1894; x_wconf 87' lang='lat' dir='ltr'><strong>aequum</strong></span> <span class='ocrx_word' id='word_1_127' title='bbox 532 1813 595 1874; x_wconf 82' lang='lat' dir='ltr'><strong>esse</strong></span> <span class='ocrx_word' id='word_1_128' title='bbox 614 1813 715 1894; x_wconf 83' lang='lat' dir='ltr'><strong>relicto</strong></span> <span class='ocrx_word' id='word_1_129' title='bbox 734 1832 865 1874; x_wconf 85' lang='lat' dir='ltr'><strong>sermone</strong></span> <span class='ocrx_word' id='word_1_130' title='bbox 890 1809 945 1872; x_wconf 89' lang='lat' dir='ltr'><strong>Dei</strong></span> <span class='ocrx_word' id='word_1_131' title='bbox 967 1831 1000 1872; x_wconf 86' lang='lat' dir='ltr'><strong>se</strong></span> <span class='ocrx_word' id='word_1_132' title='bbox 1023 1813 1159 1892; x_wconf 83' lang='lat' dir='ltr'><strong>occupari</strong></span> <span class='ocrx_word' id='word_1_133' title='bbox 1183 1813 1216 1872; x_wconf 90' lang='lat' dir='ltr'><strong>iu</strong></span> <span class='ocrx_word' id='word_1_134' title='bbox 1240 1832 1290 1873; x_wconf 89' lang='lat' dir='ltr'><strong>cu-</strong></span> 
     </span>
    </p>

    <p class='ocr_par' dir='ltr' id='par_1_14' title="bbox 64 1889 1291 2038">
     <span class='ocr_line' id='line_1_18' title="bbox 64 1889 1291 2038; baseline -0.002 -4"><span class='ocrx_word' id='word_1_135' title='bbox 64 1937 70 1946; x_wconf 87' lang='grc'><strong>’</strong></span> <span class='ocrx_word' id='word_1_136' title='bbox 102 1966 106 1974; x_wconf 37' lang='lat' dir='ltr'><strong><em>s</em></strong></span> <span class='ocrx_word' id='word_1_137' title='bbox 153 1890 250 1954; x_wconf 48' lang='grc' dir='ltr'><strong>Μ’</strong></span> <span class='ocrx_word' id='word_1_138' title='bbox 281 1891 793 2038; x_wconf 61' lang='lat' dir='ltr'><strong>¹²²tttrtuttttt‘att</strong></span> <span class='ocrx_word' id='word_1_139' title='bbox 834 1889 950 2034; x_wconf 65' lang='lat' dir='ltr'><strong>tat</strong></span> <span class='ocrx_word' id='word_1_140' title='bbox 974 1891 1291 2032; x_wconf 54' lang='lat' dir='ltr'><strong>titttttttta</strong></span> 
     </span>
    </p>

    <p class='ocr_par' dir='ltr' id='par_1_15' title="bbox 54 1975 1291 2133">
     <span class='ocr_line' id='line_1_19' title="bbox 54 1975 1291 2133; baseline 0.001 -22"><span class='ocrx_word' id='word_1_141' title='bbox 54 2071 59 2082; x_wconf 92' lang='lat'><strong>·</strong></span> <span class='ocrx_word' id='word_1_142' title='bbox 152 1975 371 2113; x_wconf 48' lang='lat' dir='ltr'><strong>ssl&#39;ffiffirfflq,</strong></span> <span class='ocrx_word' id='word_1_143' title='bbox 396 2050 535 2120; x_wconf 76' lang='lat' dir='ltr'><strong>strutus</strong></span> <span class='ocrx_word' id='word_1_144' title='bbox 554 2060 654 2115; x_wconf 90' lang='lat' dir='ltr'><strong>nostro</strong></span> <span class='ocrx_word' id='word_1_145' title='bbox 674 2053 831 2116; x_wconf 84' lang='lat' dir='ltr'><strong>ministerio</strong></span> <span class='ocrx_word' id='word_1_146' title='bbox 850 2052 907 2114; x_wconf 80' lang='lat' dir='ltr'><strong>frui</strong></span> <span class='ocrx_word' id='word_1_147' title='bbox 924 2053 952 2114; x_wconf 90' lang='lat' dir='ltr'><strong>iu</strong></span> <span class='ocrx_word' id='word_1_148' title='bbox 969 2050 1121 2132; x_wconf 81' lang='lat' dir='ltr'><strong>Evangelia</strong></span> <span class='ocrx_word' id='word_1_149' title='bbox 1144 2049 1291 2133; x_wconf 86' lang='lat' dir='ltr'><strong>praedica·</strong></span> 
     </span>
    </p>

    <p class='ocr_par' dir='ltr' id='par_1_16' title="bbox 154 2129 1289 2216">
     <span class='ocr_line' id='line_1_20' title="bbox 154 2129 1289 2216; baseline -0.001 -22"><span class='ocrx_word' id='word_1_150' title='bbox 154 2129 248 2206; x_wconf 85' lang='lat' dir='ltr'><strong>tiene,</strong></span> <span class='ocrx_word' id='word_1_151' title='bbox 266 2129 385 2194; x_wconf 87' lang='lat' dir='ltr'><strong>liberate</strong></span> <span class='ocrx_word' id='word_1_152' title='bbox 402 2151 456 2194; x_wconf 83' lang='lat' dir='ltr'><strong>nos</strong></span> <span class='ocrx_word' id='word_1_153' title='bbox 475 2153 493 2194; x_wconf 91' lang='lat' dir='ltr'><strong>e</strong></span> <span class='ocrx_word' id='word_1_154' title='bbox 513 2151 582 2194; x_wconf 89' lang='lat' dir='ltr'><strong>eura</strong></span> <span class='ocrx_word' id='word_1_155' title='bbox 600 2153 774 2216; x_wconf 89' lang='lat' dir='ltr'><strong>pauperum,</strong></span> <span class='ocrx_word' id='word_1_156' title='bbox 793 2133 861 2214; x_wconf 89' lang='lat' dir='ltr'><strong>quia</strong></span> <span class='ocrx_word' id='word_1_157' title='bbox 881 2134 990 2214; x_wconf 84' lang='lat' dir='ltr'><strong>utrique</strong></span> <span class='ocrx_word' id='word_1_158' title='bbox 1009 2133 1121 2194; x_wconf 85' lang='lat' dir='ltr'><strong>muneri</strong></span> <span class='ocrx_word' id='word_1_159' title='bbox 1142 2131 1289 2193; x_wconf 87' lang='lat' dir='ltr'><strong>subeundo</strong></span> 
     </span>
    </p>

    <p class='ocr_par' dir='ltr' id='par_1_17' title="bbox 154 2209 1288 2295">
     <span class='ocr_line' id='line_1_21' title="bbox 154 2209 1288 2295; baseline 0 -25"><span class='ocrx_word' id='word_1_160' title='bbox 154 2227 215 2270; x_wconf 89' lang='lat' dir='ltr'><strong>non</strong></span> <span class='ocrx_word' id='word_1_161' title='bbox 233 2209 401 2274; x_wconf 85' lang='lat' dir='ltr'><strong>sufficimus.</strong></span> <span class='ocrx_word' id='word_1_162' title='bbox 440 2212 532 2294; x_wconf 82' lang='lat' dir='ltr'><strong>Atqui</strong></span> <span class='ocrx_word' id='word_1_163' title='bbox 550 2213 664 2274; x_wconf 83' lang='lat' dir='ltr'><strong>ridetur</strong></span> <span class='ocrx_word' id='word_1_164' title='bbox 683 2213 740 2274; x_wconf 89' lang='lat' dir='ltr'><strong>boe</strong></span> <span class='ocrx_word' id='word_1_165' title='bbox 758 2213 950 2295; x_wconf 74' lang='lat' dir='ltr'><strong>intempestive</strong></span> <span class='ocrx_word' id='word_1_166' title='bbox 973 2211 1011 2271; x_wconf 90' lang='lat' dir='ltr'><strong>ab</strong></span> <span class='ocrx_word' id='word_1_167' title='bbox 1036 2211 1093 2270; x_wconf 88' lang='lat' dir='ltr'><strong>illis</strong></span> <span class='ocrx_word' id='word_1_168' title='bbox 1119 2211 1190 2286; x_wconf 89' lang='lat' dir='ltr'><strong>diei,</strong></span> <span class='ocrx_word' id='word_1_169' title='bbox 1218 2213 1288 2292; x_wconf 85' lang='lat' dir='ltr'><strong>quia</strong></span> 
     </span>
    </p>

    <p class='ocr_par' dir='ltr' id='par_1_18' title="bbox 154 2288 1373 2452">
     <span class='ocr_line' id='line_1_22' title="bbox 154 2288 1285 2375; baseline 0.001 -27"><span class='ocrx_word' id='word_1_170' title='bbox 154 2289 235 2370; x_wconf 88' lang='lat' dir='ltr'><strong>prius</strong></span> <span class='ocrx_word' id='word_1_171' title='bbox 254 2305 313 2350; x_wconf 90' lang='lat' dir='ltr'><strong>non</strong></span> <span class='ocrx_word' id='word_1_172' title='bbox 331 2291 506 2372; x_wconf 80' lang='lat' dir='ltr'><strong>reliquerant</strong></span> <span class='ocrx_word' id='word_1_173' title='bbox 524 2288 646 2356; x_wconf 88' lang='lat' dir='ltr'><strong>docendi</strong></span> <span class='ocrx_word' id='word_1_174' title='bbox 664 2293 850 2375; x_wconf 85' lang='lat' dir='ltr'><strong>provinciam,</strong></span> <span class='ocrx_word' id='word_1_175' title='bbox 869 2291 979 2354; x_wconf 83' lang='lat' dir='ltr'><strong>tametsi</strong></span> <span class='ocrx_word' id='word_1_176' title='bbox 997 2290 1186 2370; x_wconf 80' lang='lat' dir='ltr'><strong>eleemosynis</strong></span> <span class='ocrx_word' id='word_1_177' title='bbox 1204 2309 1285 2371; x_wconf 87' lang='lat' dir='ltr'><strong>prac-</strong></span> 
     </span>
     <span class='ocr_line' id='line_1_23' title="bbox 155 2365 1373 2452; baseline 0.001 -24"><span class='ocrx_word' id='word_1_178' title='bbox 155 2374 247 2428; x_wconf 84' lang='lat' dir='ltr'><strong>erant.</strong></span> <span class='ocrx_word' id='word_1_179' title='bbox 286 2365 472 2451; x_wconf 84' lang='lat' dir='ltr'><strong>Respondeo,</strong></span> <span class='ocrx_word' id='word_1_180' title='bbox 497 2393 587 2452; x_wconf 89' lang='lat' dir='ltr'><strong>quum</strong></span> <span class='ocrx_word' id='word_1_181' title='bbox 612 2371 816 2434; x_wconf 78' lang='lat' dir='ltr'><strong>administratio</strong></span> <span class='ocrx_word' id='word_1_182' title='bbox 842 2371 956 2432; x_wconf 83' lang='lat' dir='ltr'><strong>conima</strong></span> <span class='ocrx_word' id='word_1_183' title='bbox 975 2375 1051 2432; x_wconf 72' lang='lat' dir='ltr'><strong>asset</strong></span> <span class='ocrx_word' id='word_1_184' title='bbox 1070 2371 1113 2430; x_wconf 84' lang='lat' dir='ltr'><strong>aie</strong></span> <span class='ocrx_word' id='word_1_185' title='bbox 1131 2369 1216 2430; x_wconf 80' lang='lat' dir='ltr'><strong>iuuisse</strong></span> <span class='ocrx_word' id='word_1_186' title='bbox 1232 2371 1287 2430; x_wconf 90' lang='lat' dir='ltr'><strong>im·</strong></span> <span class='ocrx_word' id='word_1_187' title='bbox 1372 2379 1373 2389; x_wconf 60' lang='lat'>¹</span> 
     </span>
    </p>

    <p class='ocr_par' dir='ltr' id='par_1_19' title="bbox 176 2447 1292 2534">
     <span class='ocr_line' id='line_1_24' title="bbox 176 2447 1292 2534; baseline 0.002 -26"><span class='ocrx_word' id='word_1_188' title='bbox 176 2447 278 2522; x_wconf 88' lang='lat' dir='ltr'><strong>licitos,</strong></span> <span class='ocrx_word' id='word_1_189' title='bbox 298 2454 331 2510; x_wconf 89' lang='lat' dir='ltr'><strong>ut</strong></span> <span class='ocrx_word' id='word_1_190' title='bbox 349 2470 409 2510; x_wconf 92' lang='lat' dir='ltr'><strong>non</strong></span> <span class='ocrx_word' id='word_1_191' title='bbox 428 2459 545 2531; x_wconf 80' lang='lat' dir='ltr'><strong>possent</strong></span> <span class='ocrx_word' id='word_1_192' title='bbox 563 2455 618 2514; x_wconf 89' lang='lat' dir='ltr'><strong>toti</strong></span> <span class='ocrx_word' id='word_1_193' title='bbox 635 2455 667 2513; x_wconf 93' lang='lat' dir='ltr'><strong>iu</strong></span> <span class='ocrx_word' id='word_1_194' title='bbox 685 2453 843 2516; x_wconf 85' lang='lat' dir='ltr'><strong>doctrinam</strong></span> <span class='ocrx_word' id='word_1_195' title='bbox 853 2451 1029 2526; x_wconf 81' lang='lat' dir='ltr'><strong>incumbere,</strong></span> <span class='ocrx_word' id='word_1_196' title='bbox 1048 2451 1135 2512; x_wconf 84' lang='lat' dir='ltr'><strong>sicuti</strong></span> <span class='ocrx_word' id='word_1_197' title='bbox 1154 2469 1206 2534; x_wconf 83' lang='lat' dir='ltr'><strong>par</strong></span> <span class='ocrx_word' id='word_1_198' title='bbox 1219 2457 1292 2510; x_wconf 81' lang='lat' dir='ltr'><strong>erat.</strong></span> 
     </span>
    </p>

    <p class='ocr_par' dir='ltr' id='par_1_20' title="bbox 188 2529 1294 2612">
     <span class='ocr_line' id='line_1_25' title="bbox 188 2529 1294 2612; baseline 0.003 -25"><span class='ocrx_word' id='word_1_199' title='bbox 188 2547 261 2588; x_wconf 90' lang='lat' dir='ltr'><strong>unus</strong></span> <span class='ocrx_word' id='word_1_200' title='bbox 281 2545 312 2586; x_wconf 90' lang='lat' dir='ltr'><strong>er</strong></span> <span class='ocrx_word' id='word_1_201' title='bbox 333 2547 350 2586; x_wconf 93' lang='lat' dir='ltr'><strong>o</strong></span> <span class='ocrx_word' id='word_1_202' title='bbox 370 2537 503 2592; x_wconf 87' lang='lat' dir='ltr'><strong>recusant</strong></span> <span class='ocrx_word' id='word_1_203' title='bbox 521 2531 600 2612; x_wconf 91' lang='lat' dir='ltr'><strong>quod</strong></span> <span class='ocrx_word' id='word_1_204' title='bbox 619 2550 637 2592; x_wconf 89' lang='lat' dir='ltr'><strong>a</strong></span> <span class='ocrx_word' id='word_1_205' title='bbox 656 2531 745 2592; x_wconf 88' lang='lat' dir='ltr'><strong>libera</strong></span> <span class='ocrx_word' id='word_1_206' title='bbox 764 2539 794 2592; x_wconf 89' lang='lat' dir='ltr'><strong>et</strong></span> <span class='ocrx_word' id='word_1_207' title='bbox 812 2531 902 2592; x_wconf 89' lang='lat' dir='ltr'><strong>solida</strong></span> <span class='ocrx_word' id='word_1_208' title='bbox 919 2529 1038 2592; x_wconf 86' lang='lat' dir='ltr'><strong>docendi</strong></span> <span class='ocrx_word' id='word_1_209' title='bbox 1063 2550 1136 2592; x_wconf 88' lang='lat' dir='ltr'><strong>cura</strong></span> <span class='ocrx_word' id='word_1_210' title='bbox 1161 2550 1214 2592; x_wconf 88' lang='lat' dir='ltr'><strong>eos</strong></span> <span class='ocrx_word' id='word_1_211' title='bbox 1244 2529 1294 2590; x_wconf 86' lang='lat' dir='ltr'><strong>ab·</strong></span> 
     </span>
    </p>
   </div>
   <div class='ocr_carea' id='block_1_3' title="bbox 24 2548 1371 3225">
    <p class='ocr_par' dir='ltr' id='par_1_21' title="bbox 24 2548 1371 3225">
     <span class='ocr_line' id='line_1_26' title="bbox 154 2548 1297 2708; baseline 0.006 -42"><span class='ocrx_word' id='word_1_212' title='bbox 154 2605 266 2668; x_wconf 76' lang='lat' dir='ltr'><strong>ebulit.</strong></span> <span class='ocrx_word' id='word_1_213' title='bbox 306 2548 407 2686; x_wconf 52' lang='lat' dir='ltr'><strong>deque</strong></span> <span class='ocrx_word' id='word_1_214' title='bbox 426 2615 522 2704; x_wconf 80' lang='lat' dir='ltr'><strong>tamen</strong></span> <span class='ocrx_word' id='word_1_215' title='bbox 545 2610 738 2708; x_wconf 78' lang='lat' dir='ltr'><strong>intelligamus</strong></span> <span class='ocrx_word' id='word_1_216' title='bbox 762 2631 812 2672; x_wconf 90' lang='lat' dir='ltr'><strong>eos</strong></span> <span class='ocrx_word' id='word_1_217' title='bbox 835 2609 947 2694; x_wconf 81' lang='lat' dir='ltr'><strong>penitus¹</strong></span> <span class='ocrx_word' id='word_1_218' title='bbox 968 2611 1297 2708; x_wconf 27' lang='lat' dir='ltr'><strong>abiecissetpauperuur</strong></span> 
     </span>
     <span class='ocr_line' id='line_1_27' title="bbox 153 2685 1299 2852; baseline 0.005 -28"><span class='ocrx_word' id='word_1_219' title='bbox 153 2685 1128 2852; x_wconf 57' lang='lat' dir='ltr'><strong>tttm’utttt‘tttttt‚tttttatttttdtttptttt</strong></span> <span class='ocrx_word' id='word_1_220' title='bbox 1141 2709 1299 2845; x_wconf 55' lang='lat' dir='ltr'><strong>wa</strong></span> 
     </span>
     <span class='ocr_line' id='line_1_28' title="bbox 153 2841 1296 2932; baseline 0.006 -28"><span class='ocrx_word' id='word_1_221' title='bbox 153 2841 300 2904; x_wconf 88' lang='lat' dir='ltr'><strong>bominem</strong></span> <span class='ocrx_word' id='word_1_222' title='bbox 319 2863 438 2924; x_wconf 85' lang='lat' dir='ltr'><strong>prorsus</strong></span> <span class='ocrx_word' id='word_1_223' title='bbox 458 2847 595 2923; x_wconf 88' lang='lat' dir='ltr'><strong>detineat,</strong></span> <span class='ocrx_word' id='word_1_224' title='bbox 616 2869 709 2930; x_wconf 90' lang='lat' dir='ltr'><strong>neque</strong></span> <span class='ocrx_word' id='word_1_225' title='bbox 728 2850 791 2917; x_wconf 85' lang='lat' dir='ltr'><strong>aliia</strong></span> <span class='ocrx_word' id='word_1_226' title='bbox 810 2853 929 2932; x_wconf 88' lang='lat' dir='ltr'><strong>negotiis</strong></span> <span class='ocrx_word' id='word_1_227' title='bbox 948 2870 1049 2912; x_wconf 80' lang='lat' dir='ltr'><strong>vacare</strong></span> <span class='ocrx_word' id='word_1_228' title='bbox 1067 2851 1150 2910; x_wconf 81' lang='lat' dir='ltr'><strong>sinat</strong></span> <span class='ocrx_word' id='word_1_229' title='bbox 1173 2847 1296 2928; x_wconf 83' lang='lat' dir='ltr'><strong>Quodsi</strong></span> 
     </span>
     <span class='ocr_line' id='line_1_29' title="bbox 153 2921 1371 3018; baseline 0.007 -36"><span class='ocrx_word' id='word_1_230' title='bbox 153 2921 208 2998; x_wconf 78' lang='lat' dir='ltr'><strong>rite</strong></span> <span class='ocrx_word' id='word_1_231' title='bbox 226 2941 409 3018; x_wconf 86' lang='lat' dir='ltr'><strong>perpensum·</strong></span> <span class='ocrx_word' id='word_1_232' title='bbox 421 2925 534 3002; x_wconf 85' lang='lat' dir='ltr'><strong>fuisset,</strong></span> <span class='ocrx_word' id='word_1_233' title='bbox 554 2929 639 3009; x_wconf 89' lang='lat' dir='ltr'><strong>longe</strong></span> <span class='ocrx_word' id='word_1_234' title='bbox 658 2930 740 2992; x_wconf 87' lang='lat' dir='ltr'><strong>aliter</strong></span> <span class='ocrx_word' id='word_1_235' title='bbox 759 2931 906 2994; x_wconf 89' lang='lat' dir='ltr'><strong>distributa</strong></span> <span class='ocrx_word' id='word_1_236' title='bbox 924 2931 1030 2998; x_wconf 81' lang='lat' dir='ltr'><strong>fuisset,</strong></span> <span class='ocrx_word' id='word_1_237' title='bbox 1045 2931 1075 2990; x_wconf 91' lang='lat' dir='ltr'><strong>in</strong></span> <span class='ocrx_word' id='word_1_238' title='bbox 1094 2925 1231 2989; x_wconf 77' lang='lat' dir='ltr'><strong>Ecclesia</strong></span> <span class='ocrx_word' id='word_1_239' title='bbox 1251 2949 1297 2990; x_wconf 87' lang='lat' dir='ltr'><strong>ra·</strong></span> <span class='ocrx_word' id='word_1_240' title='bbox 1370 2923 1371 2977; x_wconf 81' lang='lat' dir='ltr'><strong>l</strong></span> 
     </span>
     <span class='ocr_line' id='line_1_30' title="bbox 24 2999 1297 3106; baseline 0.003 -43"><span class='ocrx_word' id='word_1_241' title='bbox 24 3087 27 3092; x_wconf 25' lang='grc'>1</span> <span class='ocrx_word' id='word_1_242' title='bbox 153 3001 205 3064; x_wconf 88' lang='lat' dir='ltr'><strong>tio.</strong></span> <span class='ocrx_word' id='word_1_243' title='bbox 248 2999 408 3066; x_wconf 84' lang='lat' dir='ltr'><strong>Draconiao</strong></span> <span class='ocrx_word' id='word_1_244' title='bbox 438 3014 590 3088; x_wconf 83' lang='lat' dir='ltr'><strong>praetextu</strong></span> <span class='ocrx_word' id='word_1_245' title='bbox 617 3009 711 3092; x_wconf 85' lang='lat' dir='ltr'><strong>largas</strong></span> <span class='ocrx_word' id='word_1_246' title='bbox 736 3030 806 3106; x_wconf 80' lang='lat' dir='ltr'><strong>opes</strong></span> <span class='ocrx_word' id='word_1_247' title='bbox 835 3013 1039 3093; x_wconf 79' lang='lat' dir='ltr'><strong>ingurgitarunt</strong></span> <span class='ocrx_word' id='word_1_248' title='bbox 1060 3008 1184 3090; x_wconf 83' lang='lat' dir='ltr'><strong>Papulas</strong></span> <span class='ocrx_word' id='word_1_249' title='bbox 1210 3007 1297 3090; x_wconf 84' lang='lat' dir='ltr'><strong>Epis-</strong></span> 
     </span>
     <span class='ocr_line' id='line_1_31' title="bbox 154 3081 1298 3225; baseline 0.007 -83"><span class='ocrx_word' id='word_1_250' title='bbox 154 3081 234 3225; x_wconf 75' lang='lat' dir='ltr'><strong>copis</strong></span> <span class='ocrx_word' id='word_1_251' title='bbox 253 3083 363 3144; x_wconf 88' lang='lat' dir='ltr'><strong>interea</strong></span> <span class='ocrx_word' id='word_1_252' title='bbox 382 3087 468 3148; x_wconf 87' lang='lat' dir='ltr'><strong>variis</strong></span> <span class='ocrx_word' id='word_1_253' title='bbox 487 3089 608 3168; x_wconf 87' lang='lat' dir='ltr'><strong>negotiis</strong></span> <span class='ocrx_word' id='word_1_254' title='bbox 628 3109 659 3150; x_wconf 89' lang='lat' dir='ltr'><strong>se</strong></span> <span class='ocrx_word' id='word_1_255' title='bbox 678 3092 718 3151; x_wconf 90' lang='lat' dir='ltr'><strong>im</strong></span> <span class='ocrx_word' id='word_1_256' title='bbox 740 3091 880 3152; x_wconf 77' lang='lat' dir='ltr'><strong>licuerunt</strong></span> <span class='ocrx_word' id='word_1_257' title='bbox 897 3091 999 3172; x_wconf 87' lang='lat' dir='ltr'><strong>quibus</strong></span> <span class='ocrx_word' id='word_1_258' title='bbox 1019 3091 1043 3150; x_wconf 86' lang='lat' dir='ltr'><strong>si</strong></span> <span class='ocrx_word' id='word_1_259' title='bbox 1062 3087 1166 3169; x_wconf 88' lang='lat' dir='ltr'><strong>singuli</strong></span> <span class='ocrx_word' id='word_1_260' title='bbox 1192 3088 1298 3150; x_wconf 86' lang='lat' dir='ltr'><strong>decem</strong></span> 
     </span>
    </p>
   </div>
   <div class='ocr_carea' id='block_1_4' title="bbox 73 3160 1370 3712">
    <p class='ocr_par' dir='ltr' id='par_1_22' title="bbox 154 3160 1370 3412">
     <span class='ocr_line' id='line_1_32' title="bbox 154 3160 1300 3245; baseline 0.003 -21"><span class='ocrx_word' id='word_1_261' title='bbox 154 3160 192 3224; x_wconf 84' lang='lat' dir='ltr'><strong>lta</strong></span> <span class='ocrx_word' id='word_1_262' title='bbox 211 3169 292 3230; x_wconf 80' lang='lat' dir='ltr'><strong>erent</strong></span> <span class='ocrx_word' id='word_1_263' title='bbox 311 3165 404 3245; x_wconf 87' lang='lat' dir='ltr'><strong>capita</strong></span> <span class='ocrx_word' id='word_1_264' title='bbox 423 3167 474 3230; x_wconf 82' lang='lat' dir='ltr'><strong>vix</strong></span> <span class='ocrx_word' id='word_1_265' title='bbox 493 3167 665 3230; x_wconf 79' lang='lat' dir='ltr'><strong>sufficerent</strong></span> <span class='ocrx_word' id='word_1_266' title='bbox 732 3191 746 3230; x_wconf 91' lang='lat' dir='ltr'><strong>a</strong></span> <span class='ocrx_word' id='word_1_267' title='bbox 768 3179 863 3232; x_wconf 86' lang='lat' dir='ltr'><strong>tamen</strong></span> <span class='ocrx_word' id='word_1_268' title='bbox 881 3179 923 3232; x_wconf 87' lang='lat' dir='ltr'><strong>est</strong></span> <span class='ocrx_word' id='word_1_269' title='bbox 942 3173 989 3230; x_wconf 77' lang='lat' dir='ltr'><strong>im‘</strong></span> <span class='ocrx_word' id='word_1_270' title='bbox 1003 3169 1121 3242; x_wconf 83' lang='lat' dir='ltr'><strong>rebitas,</strong></span> <span class='ocrx_word' id='word_1_271' title='bbox 1141 3173 1176 3228; x_wconf 89' lang='lat' dir='ltr'><strong>ut</strong></span> <span class='ocrx_word' id='word_1_272' title='bbox 1194 3165 1300 3229; x_wconf 79' lang='lat' dir='ltr'><strong>Eccle-</strong></span> 
     </span>
     <span class='ocr_line' id='line_1_33' title="bbox 155 3191 1370 3331; baseline 0.005 -27"><span class='ocrx_word' id='word_1_273' title='bbox 155 3242 228 3304; x_wconf 80' lang='lat' dir='ltr'><strong>siam</strong></span> <span class='ocrx_word' id='word_1_274' title='bbox 247 3243 402 3308; x_wconf 79' lang='lat' dir='ltr'><strong>consistere</strong></span> <span class='ocrx_word' id='word_1_275' title='bbox 421 3253 526 3327; x_wconf 85' lang='lat' dir='ltr'><strong>negent</strong></span> <span class='ocrx_word' id='word_1_276' title='bbox 549 3269 635 3331; x_wconf 79' lang='lat' dir='ltr'><strong>posse</strong></span> <span class='ocrx_word' id='word_1_277' title='bbox 658 3247 712 3310; x_wconf 87' lang='lat' dir='ltr'><strong>nisi</strong></span> <span class='ocrx_word' id='word_1_278' title='bbox 736 3251 767 3312; x_wconf 94' lang='lat' dir='ltr'><strong>in</strong></span> <span class='ocrx_word' id='word_1_279' title='bbox 787 3251 841 3312; x_wconf 89' lang='lat' dir='ltr'><strong>lrao</strong></span> <span class='ocrx_word' id='word_1_280' title='bbox 860 3249 961 3330; x_wconf 80' lang='lat' dir='ltr'><strong>abysso</strong></span> <span class='ocrx_word' id='word_1_281' title='bbox 981 3191 1157 3321; x_wconf 67' lang='lat' dir='ltr'><strong>demersam,</strong></span> <span class='ocrx_word' id='word_1_282' title='bbox 1187 3267 1246 3309; x_wconf 87' lang='lat' dir='ltr'><strong>nce</strong></span> <span class='ocrx_word' id='word_1_283' title='bbox 1265 3267 1300 3308; x_wconf 82' lang='lat' dir='ltr'><strong>sc</strong></span> <span class='ocrx_word' id='word_1_284' title='bbox 1369 3209 1370 3269; x_wconf 69' lang='lat' dir='ltr'><strong>l</strong></span> 
     </span>
     <span class='ocr_line' id='line_1_34' title="bbox 154 3321 1301 3412; baseline 0.003 -28"><span class='ocrx_word' id='word_1_285' title='bbox 154 3321 365 3404; x_wconf 81' lang='lat' dir='ltr'><strong>Apostolorum</strong></span> <span class='ocrx_word' id='word_1_286' title='bbox 383 3343 560 3388; x_wconf 82' lang='lat' dir='ltr'><strong>successores</strong></span> <span class='ocrx_word' id='word_1_287' title='bbox 579 3330 686 3390; x_wconf 86' lang='lat' dir='ltr'><strong>iactare</strong></span> <span class='ocrx_word' id='word_1_288' title='bbox 705 3330 852 3406; x_wconf 87' lang='lat' dir='ltr'><strong>desinunt,</strong></span> <span class='ocrx_word' id='word_1_289' title='bbox 871 3352 961 3412; x_wconf 91' lang='lat' dir='ltr'><strong>quum</strong></span> <span class='ocrx_word' id='word_1_290' title='bbox 978 3329 1051 3390; x_wconf 86' lang='lat' dir='ltr'><strong>nibil</strong></span> <span class='ocrx_word' id='word_1_291' title='bbox 1070 3329 1161 3410; x_wconf 76' lang='lat' dir='ltr'><strong>magis</strong></span> <span class='ocrx_word' id='word_1_292' title='bbox 1181 3334 1301 3388; x_wconf 89' lang='lat' dir='ltr'><strong>coutra-</strong></span> 
     </span>
    </p>

    <p class='ocr_par' dir='ltr' id='par_1_23' title="bbox 73 3404 1369 3712">
     <span class='ocr_line' id='line_1_35' title="bbox 73 3404 1369 3490; baseline 0.004 -27"><span class='ocrx_word' id='word_1_293' title='bbox 73 3412 78 3422; x_wconf 83' lang='grc'><em>“</em></span> <span class='ocrx_word' id='word_1_294' title='bbox 154 3404 232 3464; x_wconf 89' lang='lat' dir='ltr'><strong>rium</strong></span> <span class='ocrx_word' id='word_1_295' title='bbox 251 3422 313 3464; x_wconf 86' lang='lat' dir='ltr'><strong>esse</strong></span> <span class='ocrx_word' id='word_1_296' title='bbox 332 3411 476 3485; x_wconf 71' lang='lat' dir='ltr'><strong>appareat,</strong></span> <span class='ocrx_word' id='word_1_297' title='bbox 515 3407 548 3472; x_wconf 88' lang='lat' dir='ltr'><strong>ld</strong></span> <span class='ocrx_word' id='word_1_298' title='bbox 569 3409 685 3490; x_wconf 89' lang='lat' dir='ltr'><strong>quidem</strong></span> <span class='ocrx_word' id='word_1_299' title='bbox 704 3411 859 3490; x_wconf 88' lang='lat' dir='ltr'><strong>prudenter</strong></span> <span class='ocrx_word' id='word_1_300' title='bbox 883 3418 1037 3486; x_wconf 89' lang='lat' dir='ltr'><strong>caverunt,</strong></span> <span class='ocrx_word' id='word_1_301' title='bbox 1067 3428 1105 3468; x_wconf 87' lang='lat' dir='ltr'><strong>ne</strong></span> <span class='ocrx_word' id='word_1_302' title='bbox 1128 3425 1299 3470; x_wconf 69' lang='lat' dir='ltr'><strong>meumrum</strong></span> <span class='ocrx_word' id='word_1_303' title='bbox 1368 3409 1369 3420; x_wconf 51' lang='lat'><strong>³</strong></span> 
     </span>
     <span class='ocr_line' id='line_1_36' title="bbox 157 3485 1296 3572; baseline 0.002 -28"><span class='ocrx_word' id='word_1_304' title='bbox 157 3501 227 3544; x_wconf 90' lang='lat' dir='ltr'><strong>cura</strong></span> <span class='ocrx_word' id='word_1_305' title='bbox 256 3486 390 3566; x_wconf 86' lang='lat' dir='ltr'><strong>occupati</strong></span> <span class='ocrx_word' id='word_1_306' title='bbox 414 3504 480 3546; x_wconf 86' lang='lat' dir='ltr'><strong>suas</strong></span> <span class='ocrx_word' id='word_1_307' title='bbox 505 3487 618 3550; x_wconf 76' lang='lat' dir='ltr'><strong>dalidas</strong></span> <span class='ocrx_word' id='word_1_308' title='bbox 641 3489 802 3570; x_wconf 86' lang='lat' dir='ltr'><strong>relinquere</strong></span> <span class='ocrx_word' id='word_1_309' title='bbox 826 3497 1002 3572; x_wconf 85' lang='lat' dir='ltr'><strong>cogerentur.</strong></span> <span class='ocrx_word' id='word_1_310' title='bbox 1053 3485 1182 3568; x_wconf 84' lang='lat' dir='ltr'><strong>Quisque</strong></span> <span class='ocrx_word' id='word_1_311' title='bbox 1210 3487 1296 3546; x_wconf 87' lang='lat' dir='ltr'><strong>enim</strong></span> 
     </span>
     <span class='ocr_line' id='line_1_37' title="bbox 156 3561 1300 3657; baseline 0.001 -32"><span class='ocrx_word' id='word_1_312' title='bbox 156 3561 194 3625; x_wconf 86' lang='lat' dir='ltr'><strong>de</strong></span> <span class='ocrx_word' id='word_1_313' title='bbox 208 3564 330 3657; x_wconf 90' lang='lat' dir='ltr'><strong>propria</strong></span> <span class='ocrx_word' id='word_1_314' title='bbox 348 3583 447 3626; x_wconf 87' lang='lat' dir='ltr'><strong>mensa</strong></span> <span class='ocrx_word' id='word_1_315' title='bbox 466 3567 604 3643; x_wconf 70' lang='lat' dir='ltr'><strong>pollicitus</strong></span> <span class='ocrx_word' id='word_1_316' title='bbox 625 3569 661 3630; x_wconf 85' lang='lat' dir='ltr'><strong>ab</strong></span> <span class='ocrx_word' id='word_1_317' title='bbox 681 3570 744 3630; x_wconf 90' lang='lat' dir='ltr'><strong>aliis</strong></span> <span class='ocrx_word' id='word_1_318' title='bbox 763 3571 941 3632; x_wconf 82' lang='lat' dir='ltr'><strong>vacationem</strong></span> <span class='ocrx_word' id='word_1_319' title='bbox 964 3569 1019 3630; x_wconf 84' lang='lat' dir='ltr'><strong>ribi</strong></span> <span class='ocrx_word' id='word_1_320' title='bbox 1041 3571 1137 3630; x_wconf 82' lang='lat' dir='ltr'><strong>sumit.</strong></span> <span class='ocrx_word' id='word_1_321' title='bbox 1178 3563 1300 3626; x_wconf 86' lang='lat' dir='ltr'><strong>Verum</strong></span> 
     </span>
     <span class='ocr_line' id='line_1_38' title="bbox 157 3641 1368 3712; baseline 0.003 -10"><span class='ocrx_word' id='word_1_322' title='bbox 157 3641 270 3704; x_wconf 77' lang='lat' dir='ltr'><strong>omissis</strong></span> <span class='ocrx_word' id='word_1_323' title='bbox 290 3644 346 3704; x_wconf 85' lang='lat' dir='ltr'><strong>illis</strong></span> <span class='ocrx_word' id='word_1_324' title='bbox 371 3647 540 3706; x_wconf 84' lang='lat' dir='ltr'><strong>sententiam</strong></span> <span class='ocrx_word' id='word_1_325' title='bbox 564 3647 638 3710; x_wconf 89' lang='lat' dir='ltr'><strong>hanc</strong></span> <span class='ocrx_word' id='word_1_326' title='bbox 662 3650 693 3710; x_wconf 91' lang='lat' dir='ltr'><strong>in</strong></span> <span class='ocrx_word' id='word_1_327' title='bbox 722 3670 806 3712; x_wconf 88' lang='lat' dir='ltr'><strong>usum</strong></span> <span class='ocrx_word' id='word_1_328' title='bbox 834 3657 966 3712; x_wconf 71' lang='lat' dir='ltr'><strong>uerbum</strong></span> <span class='ocrx_word' id='word_1_329' title='bbox 994 3655 1136 3710; x_wconf 82' lang='lat' dir='ltr'><strong>notemur.</strong></span> <span class='ocrx_word' id='word_1_330' title='bbox 1174 3645 1303 3706; x_wconf 83' lang='lat' dir='ltr'><strong>Scimus</strong></span> <span class='ocrx_word' id='word_1_331' title='bbox 1367 3691 1368 3694; x_wconf 17' lang='grc' dir='ltr'><strong>ι</strong></span> 
     </span>
    </p>
   </div>
   <div class='ocr_carea' id='block_1_5' title="bbox 981 3315 985 3322">
    <p class='ocr_par' dir='ltr' id='par_1_24' title="bbox 981 3315 985 3322">
     <span class='ocr_line' id='line_1_39' title="bbox 981 3315 985 3322; baseline 0 0"><span class='ocrx_word' id='word_1_332' title='bbox 981 3315 985 3322; x_wconf 68' lang='lat' dir='ltr'>v</span> 
     </span>
    </p>
   </div>
   <div class='ocr_carea' id='block_1_6' title="bbox 51 3724 1367 4454">
    <p class='ocr_par' dir='ltr' id='par_1_25' title="bbox 51 3715 1368 4454">
     <span class='ocr_line' id='line_1_40' title="bbox 156 3724 1303 3890; baseline 0.006 -29"><span class='ocrx_word' id='word_1_333' title='bbox 156 3724 1303 3890; x_wconf 54' lang='lat' dir='ltr'><strong>rprrrparltr</strong></span> 
     </span>
     <span class='ocr_line' id='line_1_41' title="bbox 157 3883 1304 3976; baseline 0.001 -32"><span class='ocrx_word' id='word_1_334' title='bbox 157 3899 220 3944; x_wconf 81' lang='lat' dir='ltr'><strong>esse</strong></span> <span class='ocrx_word' id='word_1_335' title='bbox 243 3885 351 3963; x_wconf 87' lang='lat' dir='ltr'><strong>gratius</strong></span> <span class='ocrx_word' id='word_1_336' title='bbox 366 3883 440 3961; x_wconf 38' lang='lat' dir='ltr'><strong>,Deo</strong></span> <span class='ocrx_word' id='word_1_337' title='bbox 465 3885 658 3976; x_wconf 78' lang='lat' dir='ltr'><strong>obsequium..</strong></span> <span class='ocrx_word' id='word_1_338' title='bbox 685 3889 787 3959; x_wconf 73' lang='lat' dir='ltr'><strong>¹Simul</strong></span> <span class='ocrx_word' id='word_1_339' title='bbox 816 3897 910 3952; x_wconf 86' lang='lat' dir='ltr'><strong>tanuen</strong></span> <span class='ocrx_word' id='word_1_340' title='bbox 960 3891 966 3903; x_wconf 89' lang='grc'><em>“</em></span> <span class='ocrx_word' id='word_1_341' title='bbox 1001 3889 1092 3948; x_wconf 88' lang='lat' dir='ltr'><strong>cultas</strong></span> <span class='ocrx_word' id='word_1_342' title='bbox 1121 3892 1304 3962; x_wconf 83' lang='lat' dir='ltr'><strong>monsratur,</strong></span> 
     </span>
     <span class='ocr_line' id='line_1_42' title="bbox 157 3961 1367 4050; baseline 0.004 -30"><span class='ocrx_word' id='word_1_343' title='bbox 157 3981 250 4040; x_wconf 89' lang='lat' dir='ltr'><strong>quum</strong></span> <span class='ocrx_word' id='word_1_344' title='bbox 269 3983 300 4023; x_wconf 81' lang='lat' dir='ltr'><strong>se</strong></span> <span class='ocrx_word' id='word_1_345' title='bbox 319 3963 431 4026; x_wconf 88' lang='lat' dir='ltr'><strong>duobus</strong></span> <span class='ocrx_word' id='word_1_346' title='bbox 451 3967 511 4026; x_wconf 86' lang='lat' dir='ltr'><strong>istis</strong></span> <span class='ocrx_word' id='word_1_347' title='bbox 532 3967 632 4028; x_wconf 86' lang='lat' dir='ltr'><strong>officiis</strong></span> <span class='ocrx_word' id='word_1_348' title='bbox 652 3988 734 4050; x_wconf 85' lang='lat' dir='ltr'><strong>pares</strong></span> <span class='ocrx_word' id='word_1_349' title='bbox 754 3989 818 4032; x_wconf 85' lang='lat' dir='ltr'><strong>esse</strong></span> <span class='ocrx_word' id='word_1_350' title='bbox 836 3977 949 4050; x_wconf 83' lang='lat' dir='ltr'><strong>negant</strong></span> <span class='ocrx_word' id='word_1_351' title='bbox 965 3967 1041 4044; x_wconf 64' lang='lat' dir='ltr'><strong>⁸Nos</strong></span> <span class='ocrx_word' id='word_1_352' title='bbox 1061 3973 1140 4028; x_wconf 87' lang='lat' dir='ltr'><strong>certe</strong></span> <span class='ocrx_word' id='word_1_353' title='bbox 1159 3967 1217 4028; x_wconf 84' lang='lat' dir='ltr'><strong>illis</strong></span> <span class='ocrx_word' id='word_1_354' title='bbox 1235 3985 1305 4026; x_wconf 87' lang='lat' dir='ltr'><strong>nou</strong></span> <span class='ocrx_word' id='word_1_355' title='bbox 1366 3961 1367 4002; x_wconf 63' lang='lat'>³</span> 
     </span>
     <span class='ocr_line' id='line_1_43' title="bbox 157 4046 1304 4132; baseline 0.005 -33"><span class='ocrx_word' id='word_1_356' title='bbox 157 4059 258 4099; x_wconf 83' lang='lat' dir='ltr'><strong>sumus</strong></span> <span class='ocrx_word' id='word_1_357' title='bbox 277 4047 505 4123; x_wconf 85' lang='lat' dir='ltr'><strong>praestantiores.</strong></span> <span class='ocrx_word' id='word_1_358' title='bbox 545 4046 684 4124; x_wconf 89' lang='lat' dir='ltr'><strong>Proinde,</strong></span> <span class='ocrx_word' id='word_1_359' title='bbox 710 4050 839 4132; x_wconf 84' lang='lat' dir='ltr'><strong>quisquis</strong></span> <span class='ocrx_word' id='word_1_360' title='bbox 863 4050 900 4110; x_wconf 91' lang='lat' dir='ltr'><strong>ad</strong></span> <span class='ocrx_word' id='word_1_361' title='bbox 919 4049 1081 4112; x_wconf 89' lang='lat' dir='ltr'><strong>docendum</strong></span> <span class='ocrx_word' id='word_1_362' title='bbox 1102 4054 1224 4108; x_wconf 85' lang='lat' dir='ltr'><strong>vocatus</strong></span> <span class='ocrx_word' id='word_1_363' title='bbox 1244 4051 1304 4122; x_wconf 83' lang='lat' dir='ltr'><strong>est,</strong></span> 
     </span>
     <span class='ocr_line' id='line_1_44' title="bbox 157 4117 1304 4260; baseline 0.002 -78"><span class='ocrx_word' id='word_1_364' title='bbox 157 4117 280 4260; x_wconf 55' lang='lat' dir='ltr'><strong>{parim</strong></span> <span class='ocrx_word' id='word_1_365' title='bbox 298 4139 368 4185; x_wconf 85' lang='lat' dir='ltr'><strong>suae</strong></span> <span class='ocrx_word' id='word_1_366' title='bbox 388 4125 540 4203; x_wconf 82' lang='lat' dir='ltr'><strong>ornandae,</strong></span> <span class='ocrx_word' id='word_1_367' title='bbox 558 4135 594 4194; x_wconf 80' lang='lat' dir='ltr'><strong>ut</strong></span> <span class='ocrx_word' id='word_1_368' title='bbox 608 4135 659 4200; x_wconf 68' lang='lat' dir='ltr'><strong>,est</strong></span> <span class='ocrx_word' id='word_1_369' title='bbox 678 4128 711 4191; x_wconf 91' lang='lat' dir='ltr'><strong>iu</strong></span> <span class='ocrx_word' id='word_1_370' title='bbox 730 4128 893 4210; x_wconf 86' lang='lat' dir='ltr'><strong>proverbio,</strong></span> <span class='ocrx_word' id='word_1_371' title='bbox 917 4135 1013 4190; x_wconf 88' lang='lat' dir='ltr'><strong>toturn</strong></span> <span class='ocrx_word' id='word_1_372' title='bbox 1032 4147 1065 4190; x_wconf 86' lang='lat' dir='ltr'><strong>ee</strong></span> <span class='ocrx_word' id='word_1_373' title='bbox 1082 4127 1205 4188; x_wconf 76' lang='lat' dir='ltr'><strong>addicat.</strong></span> <span class='ocrx_word' id='word_1_374' title='bbox 1248 4123 1304 4185; x_wconf 92' lang='lat' dir='ltr'><strong>Ni-</strong></span> 
     </span>
     <span class='ocr_line' id='line_1_45' title="bbox 104 4199 1366 4294; baseline 0 -28"><span class='ocrx_word' id='word_1_375' title='bbox 104 4255 107 4262; x_wconf 88' lang='lat'>.</span> <span class='ocrx_word' id='word_1_376' title='bbox 220 4199 297 4260; x_wconf 74' lang='lat' dir='ltr'><strong>enim</strong></span> <span class='ocrx_word' id='word_1_377' title='bbox 315 4202 408 4294; x_wconf 56' lang='lat' dir='ltr'><strong>pagis</strong></span> <span class='ocrx_word' id='word_1_378' title='bbox 426 4207 688 4290; x_wconf 77' lang='lat' dir='ltr'><strong>proetive,‚qua1n</strong></span> <span class='ocrx_word' id='word_1_379' title='bbox 714 4211 810 4278; x_wconf 81' lang='lat' dir='ltr'><strong>utin.</strong></span> <span class='ocrx_word' id='word_1_380' title='bbox 825 4211 972 4292; x_wconf 87' lang='lat' dir='ltr'><strong>segnitiem</strong></span> <span class='ocrx_word' id='word_1_381' title='bbox 996 4207 1135 4269; x_wconf 85' lang='lat' dir='ltr'><strong>labamur.</strong></span> <span class='ocrx_word' id='word_1_382' title='bbox 1181 4203 1306 4266; x_wconf 84' lang='lat' dir='ltr'><strong>Deinde</strong></span> <span class='ocrx_word' id='word_1_383' title='bbox 1365 4223 1366 4254; x_wconf 75' lang='lat'>1</span> 
     </span>
     <span class='ocr_line' id='line_1_46' title="bbox 51 4285 1306 4373; baseline -0.001 -27"><span class='ocrx_word' id='word_1_384' title='bbox 51 4347 54 4359; x_wconf 80' lang='grc'>,</span> <span class='ocrx_word' id='word_1_385' title='bbox 159 4297 229 4340; x_wconf 65' lang='grc' dir='ltr'><strong>σθω</strong></span> <span class='ocrx_word' id='word_1_386' title='bbox 246 4297 392 4373; x_wconf 70' lang='lat' dir='ltr'><strong>tpeftoeos</strong></span> <span class='ocrx_word' id='word_1_387' title='bbox 416 4292 582 4361; x_wconf 78' lang='lat' dir='ltr'><strong>praetextus</strong></span> <span class='ocrx_word' id='word_1_388' title='bbox 611 4288 786 4373; x_wconf 88' lang='lat' dir='ltr'><strong>suppeditat,</strong></span> <span class='ocrx_word' id='word_1_389' title='bbox 816 4295 850 4350; x_wconf 85' lang='lat' dir='ltr'><strong>nt</strong></span> <span class='ocrx_word' id='word_1_390' title='bbox 874 4309 906 4350; x_wconf 85' lang='lat' dir='ltr'><strong>re</strong></span> <span class='ocrx_word' id='word_1_391' title='bbox 929 4307 947 4350; x_wconf 90' lang='lat' dir='ltr'><strong>a</strong></span> <span class='ocrx_word' id='word_1_392' title='bbox 971 4305 1089 4352; x_wconf 83' lang='lat' dir='ltr'><strong>munere</strong></span> <span class='ocrx_word' id='word_1_393' title='bbox 1113 4305 1168 4350; x_wconf 86' lang='lat' dir='ltr'><strong>rue</strong></span> <span class='ocrx_word' id='word_1_394' title='bbox 1193 4285 1306 4348; x_wconf 87' lang='lat' dir='ltr'><strong>abduci</strong></span> 
     </span>
     <span class='ocr_line' id='line_1_47' title="bbox 159 4361 1306 4454; baseline -0.003 -22"><span class='ocrx_word' id='word_1_395' title='bbox 159 4375 220 4425; x_wconf 65' lang='grc' dir='ltr'><strong>ΜΕ</strong></span> <span class='ocrx_word' id='word_1_396' title='bbox 241 4363 341 4424; x_wconf 59' lang='lat' dir='ltr'><strong>‘itm</strong></span> <span class='ocrx_word' id='word_1_397' title='bbox 363 4361 503 4443; x_wconf 66' lang='lat' dir='ltr'><strong>aarum,</strong></span> <span class='ocrx_word' id='word_1_398' title='bbox 532 4363 586 4446; x_wconf 81' lang='lat' dir='ltr'><strong>qut</strong></span> <span class='ocrx_word' id='word_1_399' title='bbox 607 4369 808 4444; x_wconf 66' lang='lat' dir='ltr'><strong>sei-extraneis</strong></span> <span class='ocrx_word' id='word_1_400' title='bbox 832 4370 955 4454; x_wconf 85' lang='lat' dir='ltr'><strong>negotiis</strong></span> <span class='ocrx_word' id='word_1_401' title='bbox 978 4367 1138 4434; x_wconf 77' lang='lat' dir='ltr'><strong>involvunt</strong></span> <span class='ocrx_word' id='word_1_402' title='bbox 1186 4363 1306 4448; x_wconf 80' lang='lat' dir='ltr'><strong>Quare,</strong></span> 
     </span>
    </p>
   </div>
   <div class='ocr_carea' id='block_1_7' title="bbox 1142 4469 1365 4787">
    <p class='ocr_par' dir='ltr' id='par_1_26' title="bbox 1142 4469 1365 4787">
     <span class='ocr_line' id='line_1_48' title="bbox 1142 4469 1365 4787; baseline 0 0"><span class='ocrx_word' id='word_1_403' title='bbox 1142 4606 1154 4642; x_wconf 22' lang='grc' dir='ltr'><strong>ι</strong></span> <span class='ocrx_word' id='word_1_404' title='bbox 1353 4469 1365 4787; x_wconf 89' lang='lat' dir='ltr'><strong>l</strong></span> 
     </span>
    </p>
   </div>
   <div class='ocr_carea' id='block_1_8' title="bbox 0 0 1405 4866">
    <p class='ocr_par' dir='ltr' id='par_1_27' title="bbox 0 0 1405 4866">
     <span class='ocr_line' id='line_1_49' title="bbox 0 0 1405 4866; baseline 0 0"><span class='ocrx_word' id='word_1_405' title='bbox 0 0 1405 4866; x_wconf 95' lang='lat' dir='ltr'><strong> </strong></span> 
     </span>
    </p>
   </div>
  </div>
 </body>
</html>
