2700 4844
348 153 737 254 'serrurxxru
943 183 947 192 '
1123 173 1226 268 ιω

52 309 111 370 bus
129 307 259 370 subsidiis
277 307 413 390 indigeat,
431 309 515 368 simul
530 307 679 369 tolerantia
694 309 846 370 mendae
858 319 927 372 sunt
939 320 1057 388 mentes,
1075 309 1181 378 ns'ton-

51 409 109 472 gns
127 397 157 450 et
174 389 326 470 perplexus
345 388 538 452 molestiarum
556 389 913 451 cimuitnstronsoendant.
1038 425 1040 433 ι

22 507 30 520 ·
135 473 182 531 1¹2.
205 471 279 529 Orto
298 476 396 529 anteat
411 469 464 529 die.
484 467 540 530 Hie
553 469 760 528 ubunmstautia
775 470 899 530 nemus
912 470 1013 546 Lucas,
1033 491 1120 554 mam
1133 495 1180 535 ne-

51 567 134 608 eesse
152 549 237 608 tuem
251 547 343 608 Paulo
363 567 470 607 uorum
490 554 519 608 et
538 567 636 608 recem
654 549 720 608 fidei
739 547 828 608 robur
845 551 986 632 colligere,
1005 572 1042 612 ne
1062 554 1181 633 trepida·
1223 619 1225 628 ¹

50 635 98 688 ret
116 629 145 686 in
163 625 291 688 maximo
311 633 342 686 et
359 627 456 686 subito
477 629 648 694 disenmiuez
667 635 733 688 nam
753 628 789 688 de
807 635 865 688 tam
886 631 1034 712 desperato
1054 631 1180 693 hostium

49 727 171 766 suorum
194 705 291 767 furore
314 707 475 766 admonitus
498 707 569 780 nibil
594 714 717 772 uetuere
740 706 817 767 aliud
842 711 949 788 putuit,
979 729 1066 791 quarn
1080 707 1180 772 'actum
1235 769 1240 788 ,

48 805 114 846 osso
133 787 169 845 de
187 785 248 848 uita
266 805 326 848 sua.
368 785 492 846 Devotio
512 786 595 861 haec,
607 788 699 846 «cuius
720 778 847 846 meminit
866 786 973 857 Lucas,
999 791 1107 870 species
1126 792 1180 850 fuit
1287 847 1289 857 ,

48 865 248 925 anathematis.
288 864 381 926 Caura
402 865 559 926 devotionis
578 874 653 940 erat,
679 887 716 926 ue
735 868 884 927 consilium
904 875 1014 930 mutere
1033 870 1076 930 ias
1095 877 1179 946 esset,
1285 865 1289 882 '

46 945 99 1004 vei
119 951 271 1005 rummare
289 945 367 1025 quod
381 946 573 1006 condixerant.
594 945 697 1006 Subest
712 947 825 1026 quidem
840 949 991 1028 semperiu
998 949 1178 1010 iureinremo

48 1025 141 1083 tacita
158 1026 323 1098 marratio,
342 1023 375 1083 si
394 1026 459 1104 quis
476 1025 556 1084 fallat
574 1026 621 1084 vel
659 1025 753 1094 eieret,
772 1027 822 1085 sed
840 1027 983 1088 interdum
1002 1047 1061 1107 qno
1076 1047 1107 1090 se
1120 1021 1178 1088 ma

46 1103 93 1186 gis
114 1101 288 1184 obstringant
306 1103 443 1177 hominos,
462 1112 552 1164 certas
572 1123 625 1164 ana
674 1107 756 1164 matis
776 1105 881 1164 inrmas
896 1108 1070 1188 concipiunt,
1089 1115 1119 1167 et
1132 1125 1178 1167 ca·

45 1185 111 1264 pita
130 1201 182 1242 sua
201 1183 267 1242 diris
286 1183 437 1254 devorent,
457 1203 530 1264 quae
546 1185 684 1244 incutiant
697 1185 842 1244 insolitum
858 1191 1005 1258 terrorem.
1027 1185 1178 1247 Caeterum

46 1264 136 1322 decet
160 1259 230 1322 baec
253 1261 383 1336 tanne,
415 1264 518 1324 seium
532 1265 571 1324 ita
595 1264 802 1344 sanguinarium
822 1267 934 1326 esseio
954 1265 974 1324 b
1017 1267 1125 1341 ueritis,
1145 1273 1178 1326 ut

45 1359 110 1402 nou
132 1347 264 1420 reputent
287 1342 357 1422 quid
380 1342 432 1404 sibi
457 1343 553 1418 liceat,
577 1343 626 1402 sad
646 1362 818 1424 quocunque
837 1345 935 1404 tulerit
952 1345 973 1403 ii
993 1345 1054 1419 ido,
1078 1364 1178 1405 securo

43 1420 210 1502 proroient.
251 1420 362 1481 Demus
381 1420 503 1481 Panium
521 1423 687 1487 sceleratum
707 1423 793 1482 fuisse
812 1421 956 1490 bominem
975 1430 1005 1483 et
1023 1432 1117 1484 morte
1136 1425 1176 1484 di-

43 1519 149 1581 gnnrnr
169 1502 233 1580 quis
252 1507 356 1559 tamem
377 1501 493 1578 privatis
514 1501 549 1560 de
568 1520 603 1560 eo
623 1520 728 1580 poenas
743 1521 855 1562 sumere
868 1505 1051 1583 permistam?
1079 1503 1138 1564 lana
1153 1505 1177 1563 si

43 1581 113 1660 qais
128 1585 263 1658 rogasset,
282 1597 333 1638 cur
345 1585 493 1658 tantopere
505 1579 629 1638 odissent
638 1578 769 1650 Paulum,
787 1584 966 1662 inpromptu
987 1583 1101 1663 quidem
1115 1591 1178 1644 erat
1202 1652 1207 1664 Ι

43 1659 210 1736 responsio,
236 1659 303 1736 qnia
328 1664 455 1736 apostata
480 1664 607 1716 essetne
626 1657 832 1717 schismaticum
856 1661 906 1718 sed
925 1661 1009 1722 basius
1027 1664 1069 1722 rei
1088 1664 1175 1722 stulta

43 1739 144 1798 solum
170 1742 200 1794 et
223 1755 259 1796 ex
279 1737 387 1795 incerto
411 1755 526 1796 rumore
553 1741 690 1816 concepta
710 1736 805 1816 opinio
825 1757 923 1796 eornm
943 1741 1051 1800 animos
1070 1748 1176 1805 umere

43 1821 246 1895 occupaverat.
275 1811 381 1874 Eadem
404 1813 489 1874 bodie
508 1817 629 1875 caedier
647 1821 677 1874 et
695 1815 770 1875 idem
789 1821 889 1895 stupor
906 1816 1035 1900 Papistas
1054 1821 1119 1878 insti
1137 1827 1176 1894 at,

43 1904 82 1958 ut
103 1896 132 1954 iu
152 1893 233 1956 uobis
252 1894 401 1976 perdendis
421 1895 492 1958 nilrii
510 1894 563 1956 sibi
581 1895 708 1960 illicitum
746 1899 833 1956 utent.
852 1893 894 1956 lta
908 1914 958 1954 eos
972 1905 1107 1956 acuerat
1120 1841 1176 1976 by-

42 1975 250 2132 iissdi'nii
261 1971 1176 2114 ”titttdttt‘tittisttttiitittttffl

255 2097 264 2127 i

43 2135 171 2213 denique
195 2133 231 2192 ad
255 2134 366 2214 quidvis
389 2133 551 2195 audendum
574 2096 729 2213 reptedtnr.
769 2133 815 2193 Ad
840 2133 912 2192 baec
934 2134 965 2193 in
983 2133 1039 2194 bac
1057 2097 1177 2194 bistnrid

43 2215 249 2296 perspicimus,
275 2221 381 2294 quanta
406 2215 442 2274 sit
467 2214 618 2294 impiomm
637 2213 788 2278 temeritas.
827 2210 963 2277 Adhibita
981 2215 1174 2274 exsecratione

41 2297 142 2353 iurant
161 2313 191 2352 se
210 2314 268 2352 non
287 2300 354 2352 aute
373 2292 467 2352 cibum
487 2299 633 2370 capturos,
659 2311 745 2371 qnam
765 2289 886 2352 Paulum
906 2291 1072 2362 occiderint,
1092 2293 1174 2372 quasi

43 2393 117 2432 vero
138 2375 166 2431 in
187 2393 286 2432 corum
306 2373 392 2432 mauu
411 2379 485 2431 esset
504 2371 579 2430 iilius
597 2372 667 2430 vita.
688 2367 774 2449 Quod
789 2389 862 2451 ergo
882 2373 965 2429 toties
980 2370 1032 2430 sibi
1047 2377 1097 2430 nui
1112 2373 1173 2430 viu·

45 2454 124 2512 dicat
143 2450 283 2510 Dominus
302 2453 332 2510 in
353 2451 509 2529 Scriptura,
529 2458 562 2510 ut
580 2450 728 2532 homiuum
747 2469 820 2530 quos
840 2450 948 2510 crearit
966 2450 1065 2510 mortis
1083 2457 1114 2511 et
1132 2452 1173 2510 vi-

44 2539 94 2592 lae
113 2533 151 2590 sit
169 2530 273 2593 arbiter
291 2529 451 2606 (Densus,
467 2531 538 2610 39·),
557 2530 587 2592 id
606 2530 659 2594 tibi
678 2535 815 2610 usurpant
834 2529 880 2593 isti
899 2527 1062 2609 phrenetici.
1081 2529 1171 2595 Adde.

43 2609 127 2690 qnod
145 2630 202 2669 uon
222 2609 279 2668 duo
298 2610 422 2672 veltres
441 2611 621 2692 reperiuntur
641 2615 735 2670 mutae
755 2611 894 2668 amentiae
913 2609 991 2680 socii,
1011 2608 1060 2668 sed
1076 2609 1171 2688 piures

43 2709 134 2770 quam
154 2689 350 2770 quadragintae
371 2690 445 2749 uude
464 2692 548 2749 ctiam
568 2689 700 2750 discimus
719 2696 824 2772 quanta
845 2689 882 2748 sit
896 2685 1044 2748 homiuum
1057 2688 1093 2747 ad
1108 2707 1170 2768 per·

42 2789 130 2829 verse
148 2767 288 2848 agendum
306 2770 466 2850 propensio,
486 2769 598 2849 quando
613 2771 654 2830 sio
668 2770 812 2829 tenuatim
830 2774 943 2829 coirent.
968 2765 1059 2827 Porro
1078 2787 1167 2848 quum

40 2853 214 2930 impotenter
237 2869 287 2910 eos
312 2851 475 2930 praecipitet
498 2849 586 2909 Satan
612 2851 641 2908 iu
666 2868 749 2910 saum
772 2849 900 2933 ipsorum
920 2847 1054 2921 exitium,
1083 2867 1171 2928 quam

46 2929 180 3014 pudenda
198 2935 242 2988 est
259 2935 355 2988 nostra
379 2929 504 3008 ignaria,
529 2927 607 3006 qnod
632 2947 684 3008 pro
708 2929 856 2988 asserenda
875 2923 931 2986 Dei
950 2926 1040 3009 gioria
1060 2925 1110 2986 vix
1130 2929 1170 2987 di·

63 3012 135 3069 itum
154 3009 320 3068 movemus?
352 3001 493 3067 'fouenda'
504 3005 617 3085 quidem
636 3011 680 3064 est
698 3005 871 3080 moderatio,
904 3025 941 3064 ne
966 3007 1034 3084 quid
1058 3007 1170 3066 nisiex

41 3033 101 3148 dmi
120 3086 252 3146 mandato
272 3092 421 3156 tentemus,
440 3085 491 3144 sed
509 3084 558 3144 nbi
576 3085 742 3144 nominatim
753 3081 893 3148 Dominus
912 3102 966 3142 nos
985 3089 1079 3158 vocat,
1099 3084 1170 3145 nibil

43 3164 234 3228 excusationis
253 3161 338 3226 habet
357 3165 484 3226 semotio.
504 3214 508 3232 ,
864 3199 868 3210 ·

124 3243 170 3304 14.
190 3247 381 3302 Accesomont
400 3245 441 3302 ud
454 3245 608 3338 Principes
626 3243 817 3302 suendotum.
847 3237 934 3316 Quod
952 3235 1165 3326 tam'scelesiae

42 3332 74 3386 et
92 3321 229 3382 netandae
248 3321 446 3401 conspirationi
466 3319 644 3380 subscribunt
662 3321 830 3402 secerdotes,
849 3317 904 3380 boc
923 3319 1092 3380 documento
1103 3341 1168 3402 pro·

43 3407 129 3476 dunt,
153 3421 184 3462 se
202 3419 254 3460 nac
273 3401 332 3460 ulio
352 3399 408 3462 Dei
426 3402 528 3476 timore
547 3401 637 3480 tangi,
661 3419 715 3459 uec
740 3399 796 3458 uita
815 3398 988 3459 humanitate
1007 3419 1068 3460 esse
1086 3420 1166 3481 prae

44 3487 129 3546 ditos.
156 3480 221 3542 Nou
241 3480 326 3544 modo
346 3480 477 3560 probant,
496 3480 572 3560 quod
592 3480 709 3542 affertur
728 3479 763 3540 de
782 3478 896 3542 homine
914 3480 1099 3562 per-insidias
1116 3501 1165 3540 ue·

44 3561 146 3634 mado,
166 3561 215 3620 sed
235 3559 373 3623 lenocinii
393 3567 502 3641 purtem
519 3560 635 3640 exsequi
646 3559 735 3639 parati
750 3565 824 3630 sunt,
844 3557 918 3618 ut‘iu
934 3559 1096 3620 sicariorum
1107 3579 1165 3620 ma·

43 3664 98 3704 nus
117 3641 238 3714 tradant,
257 3661 342 3718 quern
362 3637 599 3719 cupiunt'quovis
618 3637 874 3718 medo'perdituus
900 3636 1071 3721 Quid-enim
1090 3639 1166 3698 aliud

44 3729 107 3784 erat
130 3721 273 3780 bominem
296 3720 431 3780 eiudiois
454 3718 583 3779 manibus
606 3717 642 3776 ad
662 3735 759 3776 necem
778 3737 892 3797 rapere,
917 3735 1002 3798 quem
1022 3717 1164 3778 bannum

43 3821 125 3862 more
148 3801 177 3858 in
202 3801 264 3879 ipso
283 3800 385 3858 iudicio
405 3799 544 3880 grassari?
581 3796 646 3857 Hoc
666 3802 743 3856 cerie
763 3803 821 3856 iam
841 3802 1054 3933 praeposterum
1074 3797 1165 3855 consi·

43 3881 115 3941 lium
134 3896 279 3956 uunquam
297 3878 464 3958 probassent
482 3877 650 3952 sacerdotes,
669 3876 695 3936 si
712 3895 769 3956 qua
788 3876 818 3936 iu
836 3874 890 3934 iiis
909 3875 1007 3936 fuisset
1025 3881 1105 3954 gnua
1125 3875 1164 3954 pii

43 3957 312 4036 aestimationes,
331 3959 389 4016 imo
408 3977 506 4021 sensus
524 3957 649 4020 humaui.
688 3955 780 4028 Adde,
799 3955 876 4034 quod
896 3973 946 4034 per
964 3973 1013 4012 eos
1032 3973 1092 4012 nou
1110 3961 1164 4012 ste·

42 4041 93 4105 tit,
116 4036 266 4116 quominus
289 4043 319 4096 et
334 4037 394 4096 noti
413 4039 522 4117 populo
540 4035 641 4098 ornat
660 4054 791 4114 maguam
810 4034 963 4115 perniciem
974 4039 1162 4094 accerserent:

42 4117 94 4176 sed
112 4118 151 4174 iia
169 4113 308 4194 perditam
330 4135 430 4176 eornm
441 4117 638 4198 impietatem,
658 4135 732 4195 quae
750 4112 802 4176 sub
827 4112 942 4178 bonoria
960 4111 1027 4172 fuco
1046 4111 1160 4188 latebat,

43 4195 186 4264 Dominus
203 4193 296 4274 palam
315 4195 429 4258 detexit.

123 4276 171 4340 16.
191 4273 288 4346 Feror
307 4283 419 4336 sororis
438 4277 538 4338 Ponit.
578 4271 633 4334 Hic
656 4273 797 4346 videmus,
820 4278 854 4338 at
871 4271 1021 4350 impiorum
1041 4271 1144 4331 consilii

45 4351 124 4416 Deus
148 4354 230 4434 quasi
248 4372 286 4416 ex
305 4359 466 4416 bansrmso
485 4359 624 4418 omont.
663 4352 752 4420 Multa
771 4351 886 4432 quidem
905 4351 970 4412 sinit
988 4369 1039 4412 eos
1057 4351 1136 4412 mach
1220 4418 1225 4438 ι
