2786 4866
187 239 249 298 '110
582 221 624 288 IN
642 221 748 287 ACTA
768 217 907 286 APOS'l‘.

113 372 115 383 ·
189 349 222 414 in
245 341 391 418 Charon·
423 337 511 408 illinc
531 348 704 431 postquam
729 348 876 408 mortuus
902 346 967 404 erat
990 347 1079 431 pater
1110 346 1201 432 eius,
1232 357 1327 422 trane

189 451 263 544 tulit
284 471 359 518 eum
381 443 414 515 in
435 447 553 518 terram
573 443 663 530 hanc,
687 468 785 536 quam
805 466 865 514 vos
886 467 972 513 nunc
991 445 1136 517 incolitis.

231 617 234 624 ·
271 589 299 648 1.
339 581 443 645 Adhuc
467 583 498 644 in
518 601 631 643 summo
651 582 799 644 sacerdote
816 587 845 642 ot
864 559 993 640 coucilid
1004 580 1084 657 fucos
1102 587 1211 670 alfqssffl
1231 596 1327 675 ‘elui'

191 667 258 728 fflis
277 670 405 746 apparot,
424 669 570 724 ettamen
589 664 619 722 in
638 665 699 724 eius
718 662 813 721 vorbis
833 665 876 721 est
889 661 1094 740 iniquissimum
1106 671 1328 747 praeiudicium.

191 747 293 828 Neque
313 746 389 804 enim
409 761 480 825 quas
500 742 632 803 habuerit.
651 744 692 802 sic
711 741 832 802 docendi
850 751 947 800 causas
973 741 1143 826 interrogat,
1159 753 1267 831 'nque
1287 755 1328 824 ad

190 827 260 889 iuris
280 824 482 900 defensionem,
502 842 576 904 quac
595 829 689 883 tamm
711 823 864 904 praecipua
887 825 954 893 aar,
984 823 1082 902 ipsum
1107 826 1240 905 admittit,
1270 835 1326 894 scd

192 906 318 990 ,flectas
338 905 448 985 quaerit
467 921 505 964 an
524 902 612 964 verba
631 903 695 976 illa,
714 902 920 982 qualiacunque
938 902 1008 978 siut,
1028 905 1186 984 protulerit
1204 907 1255 971 ste
1273 911 1329 973 ha-

64 978 66 984 ’
191 1007 255 1048 uns
281 983 548 1063 ,Quemadmodum
568 983 652 1044 hodic
670 982 802 1063 Papistae
832 979 921 1061 qualis
949 982 986 1041 sit
1011 983 1146 1046 doctriua
1175 995 1206 1048 et
1291 1011 1329 1054 ex

189 1067 346 1148 scripturis
365 1063 479 1146 probari
494 1070 589 1145 quoad,
609 1061 970 1143 quaererenonsustiamt:
990 1063 1043 1122 sed
1053 1071 1169 1128 tsnmm
1178 1068 1235 1129 hoo
1245 1089 1326 1152 quae.

191 1155 277 1220 runt,
296 1165 332 1206 au
351 1161 437 1206 ansus
457 1145 544 1204 luerit
561 1145 665 1224 aliquis
684 1149 784 1222 contm
801 1159 903 1202 eorum
921 1144 1135 1224 superstitiones
1154 1152 1279 1226 mutire,
1296 1159 1327 1212 ut

113 1227 116 1232 ’
192 1228 355 1289 convictum
380 1225 516 1305 protinus·
529 1222 661 1284 Vulcano
686 1223 875 1283 devoveant
903 1218 989 1281 Porro
1010 1222 1153 1305 Stephani
1176 1232 1327 1312 responsio

192 1310 285 1391 prima
309 1307 405 1388 specie
427 1303 549 1364 absurda
571 1309 601 1363 et
619 1304 717 1386 inepta
736 1302 826 1362 videri
850 1307 951 1382 posset.
992 1299 1121 1365 Primum
1146 1307 1183 1366 ab
1203 1329 1274 1386 ovo,
1295 1317 1329 1370 ut

191 1390 285 1460 amnt,-
303 1385 431 1444 orditur:
447 1383 547 1446 deinde
562 1383 714 1444 verbosam
732 1382 921 1442 narrationem
937 1383 1016 1458 texit,
1035 1383 1065 1444 in
1085 1403 1143 1466 qna
1161 1388 1243 1450 nulla
1263 1389 1329 1452 lore

191 1467 347 1550 praesentis
377 1483 479 1526 musac
508 1463 543 1524 fit
565 1464 681 1524 mentio.
732 1461 811 1525 Nihil
830 1467 923 1522 aulem
941 1479 986 1521 ma
1008 1464 1031 1522 's
1049 1465 1199 1541 vitiosum,
1230 1487 1327 1550 mam

139 1524 145 1546 ⁴
194 1545 286 1608 mutu
305 1544 392 1606 verba
411 1543 583 1626 profundere
602 1550 633 1604 et
651 1549 734 1603 extra
753 1558 816 1603 rem
834 1539 936 1625 vagari.
1003 1562 1082 1603 erum
1101 1547 1233 1628 quisquis
1251 1569 1326 1640 pm.

182 1629 260 1709 ¹pius
279 1624 437 1705 expendet,
458 1623 541 1684 iaoile
560 1623 778 1698 animadvertet,
796 1622 868 1706 pihil
887 1639 943 1682 esse
957 1621 1063 1682 in'hoo
1080 1624 1169 1708 longo
1188 1647 1328 1689 sermone

194 1703 663 1845 supmtuvpcqumtetigtephnqnum
682 1705 812 1844 apqpsito
830 1709 864 1798 qt
883 1721 959 1842 cealqsa
978 1703 1137 1782 postulati
1180 1792 1244 1847 m
1269 1709 1327 1848 ἐξ.

192 1803 480 1928 Quamne
509 1802 909 1944 qdbondpdgdm'nffiab
922 1801 1325 1942 diffusionem,

193 1967 281 2028 quem
300 1965 414 2027 semper
429 1945 584 2005 'coluerunt
602 1949 714 2025 patres·
751 1935 795 2004 lta
813 1944 917 2023 impiae
933 1943 1097 2004 delectionis
1117 1947 1226 2006 (himen
1245 1967 1324 2008 aver-

193 2031 243 2103 tit,
273 2027 377 2088 hostes
400 2032 497 2086 autem
521 2043 589 2084 snos
613 2023 683 2084 nihil
702 2025 796 2086 tainus
813 2033 904 2104 qoam
920 2021 1001 2103 legis
1019 2023 1084 2084 uelo
1103 2025 1142 2084 im
1179 2027 1210 2086 lli
1231 2035 1325 2087 osten-

192 2109 245 2168 dit.
281 2105 465 2166 simulabant
483 2105 560 2166 onim
579 2103 649 2164 uihil
668 2103 720 2163 sibi
739 2121 801 2164 esse
820 2103 1002 2199 propositum,
1024 2123 1108 2184 quam
1175 2105 1326 2188 'gloriam

194 2206 308 2273 sugero.
358 2185 444 2260 Hanc'
465 2187 562 2268 itaque
584 2184 747 2245 mendacem
771 2183 930 2244 iactantiam
951 2183 1008 2243 illis
1029 2191 1184 2264 extorquet
1237 2183 1326 2264 Quo-

193 2271 385 2329 hiemantem
402 2272 501 2346 patres
520 2283 581 2326 sem
602 2284 633 2324 er
650 2265 680 2324 in
701 2283 751 2324 ore
769 2261 917 2334 habebant,
935 2270 964 2324 et
983 2261 1129 2346 turgebant
1141 2266 1232 2344 gentis
1247 2283 1325 2325 suae

194 2349 300 2429 gloria,
316 2347 445 2406 ostendit
464 2346 550 2416 edam
594 2344 746 2424 tephanus,
766 2343 833 2404 hinc
852 2343 955 2404 nullam
975 2345 1044 2425 ipsis
1064 2358 1122 2405 cmc
1139 2343 1325 2426 superbiendi
1382 2349 1383 2358 ’

193 2447 319 2569 tit*
339 2426 605 2564 altsteti
620 2422 986 2580 ‘utilitatis
1004 2424 1329 2566 thethidis

194 2593 227 2648 ct
245 2585 388 2646 cardinem
408 2585 522 2655 attinet,
551 2582 618 2662 quia
637 2585 673 2642 de
688 2585 799 2665 templo
814 2590 848 2643 et
866 2525 1028 2645 cebcmonbh
1046 2585 1193 2666 agebatur,
1220 2585 1327 2646 diserte

195 2659 563 2726 commemorat‘oleoios'a
576 2659 641 2720 Deo
661 2662 747 2723 fuisse
766 2682 866 2724 eorum
884 2671 973 2746 patres
992 2666 1022 2724 in
1042 2663 1184 2746 populum
1290 2665 1327 2712 ’-

192 2763 256 2805 rem
273 2743 441 2823 prinsquam
459 2745 550 2800 staret
567 2741 722 2821 templum,
752 2750 782 2804 et
805 2751 889 2806 natus
906 2751 978 2806 esset
996 2743 1100 2804 bloses.
1150 2745 1192 2806 Aa
1233 2743 1326 2804 ehuo

194 2829 306 2904 spectat
325 2821 408 2882 altius
420 2839 459 2880 re
481 2821 583 2880 etitem
601 2823 760 2884 exordium.
805 2823 935 2885 Secundo
954 2825 1088 2886 admouet
1104 2829 1246 2885 'emeram
1267 2845 1327 2884 om-

193 2921 246 2964 ucs
265 2903 346 2977 ritus,
417 2920 450 2960 os
499 2917 549 2960 eus
589 2921 621 2960 cr
638 2915 755 2962 manum
774 2902 861 2965 blesis
880 2905 999 2980 tradidit
1028 2903 1064 2965 ad
1084 2905 1211 2965 coeleste
1230 2923 1326 2966 exuu-
1381 2901 1382 2970 ἶ

215 2982 258 3042 lar
273 2981 365 3044 luisse
395 2985 528 3040 onustos.
600 2980 655 3042 nde
674 2983 804 3064 sequium
821 2982 924 3065 Legem
942 2983 1161 3046 ceremonialem
1179 2983 1221 3045 ad
1238 2985 1328 3044 alium
1381 3001 1382 3064 t

194 3003 282 3124 bem
301 3059 413 3136 referri,
432 3061 576 3143 stulteque
595 3081 630 3122 ac
649 3081 799 3145 perperam
817 3064 908 3126 iacere
926 3081 991 3141 eos,
1011 3067 1062 3146 qui
1080 3066 1186 3125 omissa
1205 3065 1328 3125 veritate

195 3145 225 3204 iu
256 3144 343 3224 signis
373 3141 501 3202 haerent
548 3141 595 3203 Ad
619 3141 689 3204 haec
714 3147 806 3226 capita
830 3147 854 3204 si
873 3144 991 3206 referent
1010 3147 1130 3206 lectores
1150 3149 1245 3205 totam
1265 3141 1327 3202 Ste-

195 3224 284 3306 phani
304 3224 479 3298 emtionem,
491 3221 561 3282 nihil
580 3223 610 3282 in
629 3241 663 3282 ca
682 3227 831 3306 reperient,
851 3225 927 3307 quod
946 3245 1005 3286 nou
1025 3227 1133 3308 optime
1152 3223 1191 3286 ad
1211 3239 1327 3284 causam

196 3303 331 3384 quadret,
360 3301 600 3382 quemadmodum
629 3304 659 3363 in
683 3303 740 3365 line
763 3305 865 3365 iterum
884 3305 1006 3366 breviter
1028 3311 1165 3387 repetam.
1217 3303 1327 3363 lasau

194 3403 255 3444 non
275 3382 397 3444 obstabit
415 3382 464 3441 ille
481 3383 570 3442 totius
591 3383 725 3444 orationis
745 3392 858 3465 scopus,
877 3386 945 3467 quin
964 3392 1099 3447 mcutere
1111 3381 1224 3465 singula
1232 3383 1327 3456 liceat,

195 3482 270 3544 qnae
290 3461 443 3522 observatu
462 3460 546 3540 digna
566 3470 661 3522 eruut.
1043 3496 1051 3510 =

275 3547 303 3603 2.
349 3546 416 3602 Viri
436 3543 554 3624 fratres
573 3552 600 3602 et
641 3551 728 3604 otree.
767 3542 891 3606 Tametsi
918 3563 1020 3625 magna
1044 3563 1082 3604 ex
1100 3548 1188 3624 'parte
1213 3538 1329 3602 ridebat

72 3621 78 3625 ’
195 3620 359 3702 Stephanus
388 3622 495 3681 iuratos
519 3641 580 3681 esse
626 3623 744 3706 vangelii
768 3623 879 3698 hostes,
908 3627 957 3703 qui
981 3625 1011 3684 in
1035 3623 1157 3684 concilio
1183 3621 1328 3692 sedebant,

195 3703 263 3782 quia
292 3707 389 3760 umen
414 3699 507 3760 adhuc
530 3719 618 3781 penes
642 3722 691 3762 eos
711 3695 854 3764 drdiuaria
872 3712 932 3764 eret
955 3703 1055 3783 populi
1079 3703 1268 3784 gubernatio,
1296 3717 1328 3758 ac

190 3787 346 3862 praeerant
364 3778 506 3866 Ecclesiae
526 3801 611 3861 mam
632 3781 712 3842 Deus
730 3783 858 3843 nondum
878 3783 1030 3857 abiecerat,
1054 3781 1118 3843 ideo
1138 3801 1200 3842 non
1219 3780 1328 3840 dubitat

195 3861 350 3920 modestiae
375 3879 461 3920 causa
485 3879 534 3920 eos
554 3881 658 3922 vocare
676 3861 786 3924 Patres.
835 3861 896 3924 Neo
919 3881 990 3922 vcro
1015 3861 1175 3924 adulatorie
1199 3859 1328 3920 levorem
1380 3911 1381 3926 ,

196 3939 251 3998 sibi
280 3939 423 4016 conciliet,
453 3939 504 4000 sed
528 3939 605 4001 huno
630 3927 767 4004 bonorem
787 3941 879 4004 ordini
898 3948 927 4000 et
943 3943 1075 4022 regimini
1095 3941 1232 4001 dlvinitus
1253 3939 1328 3998 msti-
1380 3939 1381 4015 l

196 4023 261 4076 tuto
281 4019 381 4092 desert,
401 4017 493 4080 douec
512 4027 620 4081 mutata
639 4023 748 4084 ratione
767 4025 812 4082 ius
831 4021 887 4082 illis
906 4020 1033 4081 ablatum
1051 4019 1139 4088 iuret:
1157 4021 1270 4079 intmea
1288 4024 1327 4076 ta·

194 4113 269 4166 men,
290 4097 332 4156 illi
354 4118 414 4158 non
439 4099 547 4176 obstet,
576 4121 671 4182 nequo
693 4121 727 4164 os
751 4102 873 4162 obstruit
895 4099 954 4162 loci
980 4101 1068 4182 quem
1087 4105 1233 4182 occupant
1252 4114 1327 4156 rere·

195 4174 300 4266 {entiae
330 4177 401 4252 quia
423 4177 510 4239 libere
529 4179 565 4242 ab
589 4183 657 4262 ipsis
677 4181 818 4242 dissideat.
866 4179 950 4242 Unde
969 4187 1090 4263 apparet
1108 4197 1199 4260 φωι
1216 4173 1328 4238 ridiculi

194 4253 254 4308 emt
272 4248 416 4330 Papistac,
446 4258 497 4335 qui
519 4259 603 4320 nudis
626 4267 656 4320 ct
671 4261 791 4340 ¹quidem
815 4259 944 4322 inanibus
964 4269 995 4322 et
1014 4259 1221 4321 commenticiis
1239 4255 1329 4316 titulis

193 4327 235 4386 5¹⁸
259 4345 312 4420 ¹¹⁰?
336 4345 398 4388 0⁸⁵⁰
416 4331 563 4406 devincto,
582 4338 698 4416 volunt,
729 4345 870 4422 utquam
893 4339 963 4404 libet
982 4339 1077 4424 impiis
1096 4357 1200 4402 eorum
1217 4335 1330 4420 ρΙισίὕι

194 4404 370 4474 subscribere
389 4427 533 4490 cogamur.
940 4448 945 4456 -
