2786 4866
84 352 170 408 outo
189 339 315 404 consilio-
327 335 459 416 dirigere.
488 333 654 398 &mum
673 335 749 398 henc
768 338 918 412 rationem,
936 345 971 401 nt
988 335 1122 403 ΙὶΙκηΕιιι
1143 343 1224 406 Chri-

86 434 170 490 stum
189 419 345 502 suscipient
362 414 474 490 ludaei,
492 411 596 476 Petrus
614 417 671 478 illis
710 419 862 480 rontimmn
880 437 943 480 esse
961 421 1103 482 admonet.
1143 421 1225 485 Unde

86 513 187 569 autom
205 501 263 562 hoo
279 495 404 580 probet?
430 495 497 576 quis
519 494 659 558 filiisunt
702 497 887 578 rophetarum
906 507 935 559 et
955 498 1146 576 Testamenti„
1178 503 1222 564 l'i·

88 587 145 650 lios
172 579 231 644 Pro
253 577 386 640 hetorum
413 581 501 635 voest
524 576 575 654 qni
603 595 641 638 ex
664 577 763 640 eedem
792 585 877 658 gente
906 579 1047 642 ducebant
1075 584 1223 663 originem,

1 671 2 688 ¹
88 667 213 746 ideoque
230 599 357 720 insuete
375 654 511 717 heoredes
530 663 612 716 orent
630 657 709 738 qnod
733 657 769 718 sd
793 665 887 720 toturn
911 661 1012 741 populi
1036 679 1141 742 corpus
1161 684 1222 744 spo-

86 736 195 807 ctahstl
234 739 288 800 sic
310 737 387 800 enim
410 741 637 816 argumentatur:
666 735 810 798 Percussit
828 735 909 798 Dens
933 739 1034 800 foedus
1053 761 1136 802 snum
1157 763 1222 803 cnm

85 821 219 910 patribus
248 818 365 880 noshh.
412 811 490 896 Ergo
519 834 573 876 nos
602 818 652 896 qui
680 835 780 878 sumus
805 837 906 878 eornm
929 821 1037 900 posteri
1058 823 1089 880 iu
1108 821 1223 902 loedere

85 897 371 984 comprehendimur.
409 891 478 974 Quo
497 895 635 956 refellitur
656 896 744 957 delire
762 897 1014 978 Anohsptisturum
1032 903 1151 982 argutis,
1171 905 1223 983 qni

85 983 167 1044 fittoo
187 976 323 1040 Ahmhnc
340 981 449 1036 tontum
468 974 616 1056 allegorice
634 984 798 1058 exponunt:
828 979 887 1038 oosi
915 980 996 1040 nudo
1020 981 1130 1075 poneris
1149 985 1222 1044 rstio

89 1061 194 1122 hnhite
218 1063 292 1119 esset
315 1073 333 1116 n
356 1052 496 1129 Domino,
638 1055 725 1130 dixit,
753 1055 812 1117 Ero
831 1051 913 1118 Dens
937 1058 1052 1118 semime
1070 1061 1112 1120 tui
1131 1061 1221 1140 (Gen.

91 1142 151 1216 17,
170 1139 222 1218 7.).
271 1134 357 1196 Certe
379 1153 440 1195 non
463 1133 497 1195 dn
523 1073 615 1216 Ψ
631 1135 738 1196 umbris
761 1155 923 1198 sermonem
940 1137 989 1198 hio
1006 1137 1093 1200 hehet
1110 1137 1231 1218 Petrus,¹

93 1219 147 1282 sed
166 1218 223 1280 hoo
241 1215 293 1278 suh
313 1213 420 1276 Christi
437 1234 525 1296 reguo
543 1214 640 1276 velere
659 1214 792 1291 affirmet,
811 1217 890 1297 quod
908 1214 990 1278 Dent
1009 1237 1067 1279 une
1086 1239 1153 1282 cnm
1172 1241 1223 1302 po·

0 1321 1 1360 r
94 1299 186 1362 trihus
204 1299 290 1358 etiem
307 1293 386 1356 lilios
404 1293 533 1376 adoptet,
557 1301 645 1376 etque
667 1296 708 1356 itu
726 1295 826 1356 solutis
845 1297 936 1377 gretie
955 1297 993 1357 ud
1011 1317 1062 1359 eos
1122 1302 1130 1318 ⁶
1151 1322 1222 1362 non-

94 1379 162 1440 dum
180 1378 242 1438 neti
259 1381 330 1436 eunt
348 1375 523 1436 extendetur.
561 1371 666 1436 Fauor
685 1375 815 1456 quidem,
828 1375 942 1437 multos
962 1377 1013 1458 qui
1031 1397 1070 1438 ex
1081 1321 1222 1442 (indolibus

91 1457 250 1522 secuntum
269 1473 386 1516 cernun
408 1461 564 1516 nosmutur
588 1456 700 1536 spurios
724 1456 847 1531 censeri,
870 1473 931 1518 uon
954 1455 1095 1538 legitimos
1118 1459 1220 1538 (Rom.

1 1539 4 1596 t
91 1541 126 1613 9,
144 1538 197 1617 7.),
217 1536 357 1618 monium
377 1554 428 1594 sne
446 1531 610 1596 infidelitate
629 1553 647 1594 s
665 1541 763 1596 munte
802 1537 918 1617 rogerie
937 1555 968 1596 se
987 1535 1127 1599 abdicent„
1162 1539 1222 1614 Sed

1 1619 2 1638 ¹
89 1616 149 1680 hoc
165 1637 228 1678 non
246 1615 342 1676 obstet
360 1615 512 1695 quominus
532 1633 630 1676 omnen
648 1615 762 1696 piorum
802 1618 914 1676 ominus
932 1616 1147 1678 insectetstem
1159 1637 1222 1700 gm·
1328 1679 1346 1696 Γ

89 1698 150 1760 tine
168 1715 239 1758 snos
256 1701 341 1755 vocet
360 1713 395 1755 eo
413 1693 556 1768 admittet,
585 1701 672 1774 etque
696 1693 737 1754 ite
761 1696 921 1755 communis
945 1696 1062 1772 electio,
1148 1701 1223 1760 mvis

92 1796 156 1838 non
174 1776 212 1836 sit
230 1775 261 1834 in
279 1773 410 1835 omnihus
430 1773 547 1846 efficax,
566 1775 681 1837 immo
699 1773 816 1854 speciuli
834 1775 956 1856 sper-iet:
981 1794 1085 1856 quemn
1104 1779 1223 1839 modurn
1313 1794 1315 1802 ·

1 1893 2 1900 1
93 1851 204 1918 Penius
222 1854 333 1916 disserit
350 1853 388 1914 ed
406 1851 491 1915 liom.
512 1857 561 1930 11,
579 1855 639 1930 23,
658 1852 735 1916 uude
753 1851 838 1914 huim
857 1855 1030 1935 quaestionis
1048 1856 1154 1918 solutio
1173 1877 1222 1939 po·

93 1929 268 2080 tendemestin
285 2021 392 2095 umine
409 2023 471 2078 tero.
520 2011 633 2074 Foedus
656 2033 724 2074 oum
742 2011 870 2094 patribus
889 2013 993 2074 initum
1011 2013 1100 2074 inisse
1120 2014 1223 2076 confir·

80 2102 167 2173 ml,
195 2096 266 2176 spuis
286 2097 394 2155 dictum
413 2094 498 2154 irent
516 2092 661 2156 Ahmhee:
690 2093 724 2152 ln
744 2093 851 2156 semme
869 2098 921 2152 too
940 2093 1143 2154 benedicentur
1162 2115 1222 2156 om·

1 2177 2 2181 ’
91 2195 143 2237 nes
162 2183 269 2278 gentes.
320 2175 425 2270 Atqui,
453 2175 477 2234 si
502 2174 637 2270 recipitnp
656 2169 739 2268 Popli
757 2173 831 2232 iuter
851 2171 966 2247 retortio,
995 2173 1066 2233 nihil
1086 2173 1122 2238 ed
1139 2195 1222 2317 pree·

92 2263 203 2317 sentem
228 2273 346 2316 oensem
368 2255 452 2314 louet
479 2253 536 2314 hoo
564 2259 768 2314 testimonum
843 2253 926 2312 sulus
949 2271 1046 2312 semm
1064 2253 1121 2314 hoc
1168 2253 1223 2314 hrt·

29 2351 31 2356 ·
92 2343 171 2397 stum
190 2354 253 2395 esse
271 2335 366 2394 trudit.
414 2332 447 2392 Si
470 2333 628 2394 benedictio
652 2333 785 2394 universo
809 2333 906 2413 generi
924 2329 1050 2393 hnmano
1070 2351 1122 2413 per
1141 2332 1228 2416 Chri&

93 2411 490 2556 tttstttttttnttl
508 2412 571 2553 ,¹2⁰⁰
594 2412 645 2552 tt
655 2412 1225 2553 *nossessiones

96 2574 186 2648 tioni,
256 2593 305 2631 nm
324 2571 403 2646 dicit,
426 2513 545 2633 minium
557 2511 627 2634 1disc
694 2573 794 2631 ristum
809 2569 844 2631 in
863 2591 922 2651 quo
941 2570 1037 2632 ludaei
1056 2514 1224 2632 herodiian-

94 2659 154 2715 tm‘.
269 2671 305 2712 ue
329 2653 403 2712 enim
428 2651 484 2712 hoo
507 2659 608 2727 neret,
636 2651 691 2712 nisi
710 2649 842 2734 Christus
860 2649 1039 2712 benedictum
1060 2660 1134 2712 esset
1153 2653 1224 2714 illud

92 2751 202 2796 sennem
270 2731 427 2813 espondeo,
447 2751 538 2812 quum
557 2729 664 2792 l’enlns
683 2731 720 2792 od
739 2729 885 2792 Christum
900 2731 999 2806 nolent,
1017 2753 1077 2794 non
1095 2733 1228 2794 insistere
1270 2781 1273 2792 .

92 2815 190 2912 ipsum
209 2813 240 2874 in
259 2831 333 2872 voce
352 2809 489 2886 Seminis,
508 2811 559 2872 sed
578 2812 664 2872 ultius
684 2812 837 2893 respicere,
856 2811 937 2894 quod
955 2811 1062 2873 soihcet
1080 2831 1139 2874 non
1158 2833 1224 2896 pos·
1335 2807 1338 2820 '

92 2900 132 2954 est
155 2911 248 2954 unum
272 2911 335 2953 esse
360 2910 471 2967 aemcn,
499 2892 555 2952 cisi
583 2883 619 2952 in
637 2889 769 2966 Christo,
797 2897 934 2972 unquam
964 2893 1071 2974 cupite,
1099 2895 1223 2955 unietur.

92 2973 196 3035 ltmuel
214 2974 292 3034 culm
310 2977 342 3032 et
359 2970 439 3031 lseec
456 2971 569 3032 temetsi
588 2970 673 3031 omho
693 2976 760 3031 sunt
778 2970 829 3030 lilii
854 2969 1000 3048 Abrehne,
1028 2991 1088 3038 non
1117 2973 1225 3034 fuciunt

92 3073 186 3116 unum
204 3071 315 3114 semen:
377 3051 402 3110 ‘e
421 3053 535 3111 suntin
556 3050 629 3110 duos
648 3051 771 3132 populos
790 3049 881 3110 divisi.
911 3049 1018 3132 ltaque,
1038 3071 1129 3131 quum
1143 3055 1225 3114 multi
1288 3063 1290 3073 ¹

93 3133 212 3194 ehennti
229 3133 323 3192 sinte
353 3131 448 3191 omilin
466 3129 613 3202 Abrahae,
633 3131 683 3226 qni
702 3149 740 3190 ex
759 3128 843 3190 huus
863 3147 948 3191 oernc
973 3133 1114 3211 progeniti
1133 3139 1225 3227 erent,

94 3207 976 3375 iiieiimssni'iisiiipmoiiiiiiiiitffi
994 3209 1226 3385 Potitii

95 3373 165 3433 sto?
203 3369 269 3432 Hoc
287 3391 370 3432 sensu
391 3369 515 3444 Penius,
544 3369 675 3450 quemvis
700 3369 881 3430 collectivum
905 3369 943 3427 sit
965 3367 1087 3428 Seminis
1110 3389 1226 3446 nomen,

93 3453 133 3514 de
153 3449 270 3512 Christo
289 3459 382 3514 tomen
401 3452 462 3512 ecci
482 3451 518 3510 tt:
538 3449 675 3530 quonism
693 3449 718 3508 si
736 3448 771 3508 sb
790 3467 826 3508 eo
846 3447 986 3522 moedus,
1010 3450 1117 3530 posteri
1136 3447 1225 3509 Abte·

93 3531 151 3594 hue
169 3532 259 3592 veluti
278 3532 370 3592 lacere
389 3471 518 3592 momine
537 3535 634 3602 erunt,
663 3547 718 3588 nce
740 3527 817 3594 eund
835 3528 866 3589 in
885 3529 954 3608 ipsis
973 3527 1108 3600 exstabit,
1139 3546 1226 3608 quem

93 3629 177 3672 mere
201 3611 355 3692 dissipatio.
405 3609 482 3671 Cum
501 3609 550 3670 ille
570 3607 699 3670 doctrine
718 3609 860 3669 consentit
879 3605 995 3682 Petrus,
1025 3609 1093 3688 qsrie
1112 3605 1226 3668 henedi-

95 3689 222 3750 ctionem
240 3691 340 3752 sicud
357 3697 453 3752 totum
472 3690 611 3774 populum
636 3687 777 3763 extendit,
807 3693 840 3748 nt
863 3687 971 3749 fonmm
996 3684 1180 3748 nihilomiuus
1198 3687 1227 3748 in

97 3765 216 3830 Clu-isto
234 3777 362 3852 quaeret.
406 3768 514 3846 Porro,
544 3770 680 3851 quonism
698 3767 794 3828 ludaei
812 3767 924 3830 nullum
943 3789 1001 3829 non
1020 3775 1138 3829 movent
1158 3768 1226 3862 ¹³9³:

96 3847 167 3908 dum
189 3855 224 3908 nt
244 3849 405 3912 nobishoc
428 3851 621 3910 testimonium
644 3855 847 3929 extorqueant,
876 3850 988 3910 munire
1011 3868 1042 3909 sc
1066 3849 1169 3912 dehent
1188 3865 1228 3928 prt

82 3927 219 3990 ‘lecim
245 3930 383 3992 adversos
407 3949 507 3992 sorum
530 3929 646 3991 ceville:
666 3935 695 3989 ct
714 3947 749 3988 eo
769 3929 884 4009 quidem
903 3931 1002 4024 mnpis,
1022 3929 1228 4009 quodnimium

91 4009 191 4070 securi
208 4011 239 4070 in
257 4011 314 4072 hec
333 4009 549 4092 portcineront
567 4009 722 4070 Christiani
741 4011 906 4089 scriptores,
937 4009 1020 4068 tronti
1044 4009 1177 4070 sdmonni
1198 4009 1232 4067 in

93 4086 226 4172 Epnote
245 4091 282 4152 ed
302 4089 369 4165 Get,
387 4093 422 4165 3,
441 4093 489 4153 16.
541 4087 670 4151 Prininm
689 4089 767 4170 qnod
786 4087 823 4148 ed
842 4103 943 4149 vocem
962 4086 1084 4150 Seminis
1113 4089 1228 4162 attinet,

93 4187 155 4231 non
173 4176 220 4232 cot
238 4171 318 4268 quod
333 4169 520 4268 obpremant,
545 4186 694 4264 perperam
713 4185 732 4227 u
750 4165 841 4228 Panlo
861 4168 898 4229 sd
918 4167 1065 4265 Christum
1083 4170 1229 4308 restrinqip

93 4249 484 4470 &pmssptgmppptpp
501 4245 734 4390 dddnmettshcdgd
747 4249 988 4408 pedanduiidltiddil
999 4258 1228 4422 erdsndsednietepr.

125 4427 182 4468 rme
200 4409 357 4472 videndum
376 4409 446 4489 oon
465 4411 595 4490 loquutio
614 4407 664 4468 illo
683 4407 785 4486 sulcet,
804 4406 1055 4492 &multigentes
1074 4413 1104 4472 in
1124 4425 1230 4470 semrm

121 4503 231 4550 cotenu
244 4505 267 4549 iu
277 4507 336 4550 ΝΜ.
346 4507 406 4549 Tost-
420 4505 481 4548 Tea.
494 4507 533 4550 Π.
897 4496 917 4556 5
1322 4509 1331 4528 ‘
