<?xml version="1.0" encoding="UTF-8"?>
<!DOCTYPE html PUBLIC "-//W3C//DTD XHTML 1.0 Transitional//EN"
    "http://www.w3.org/TR/xhtml1/DTD/xhtml1-transitional.dtd">
<html xmlns="http://www.w3.org/1999/xhtml" xml:lang="en" lang="en">
 <head>
  <title>
</title>
<meta http-equiv="Content-Type" content="text/html;charset=utf-8" />
  <meta name='ocr-system' content='tesseract 3.04.00' />
  <meta name='ocr-capabilities' content='ocr_page ocr_carea ocr_par ocr_line ocrx_word'/>
</head>
<body>
  <div class='ocr_page' id='page_1' title='image "./innovumtestamen00tholgoog_0661.png"; bbox 0 0 2742 4856; ppageno 0'>
   <div class='ocr_carea' id='block_1_1' title="bbox 114 187 908 260">
    <p class='ocr_par' dir='ltr' id='par_1_1' title="bbox 114 187 908 260">
     <span class='ocr_line' id='line_1_1' title="bbox 114 187 908 260; baseline -0.015 2"><span class='ocrx_word' id='word_1_1' title='bbox 114 209 117 216; x_wconf 83' lang='grc'>’</span> <span class='ocrx_word' id='word_1_2' title='bbox 194 195 253 260; x_wconf 76' lang='lat'><strong>248</strong></span> <span class='ocrx_word' id='word_1_3' title='bbox 535 199 539 210; x_wconf 93' lang='lat'><em>&#39;</em></span> <span class='ocrx_word' id='word_1_4' title='bbox 586 187 908 255; x_wconf 70' lang='lat' dir='ltr'><strong>mauraneum.</strong></span> 
     </span>
    </p>
   </div>
   <div class='ocr_carea' id='block_1_2' title="bbox 140 301 1283 704">
    <p class='ocr_par' dir='ltr' id='par_1_2' title="bbox 140 301 1283 704">
     <span class='ocr_line' id='line_1_2' title="bbox 195 301 1280 382; baseline -0.001 -12"><span class='ocrx_word' id='word_1_5' title='bbox 195 309 330 370; x_wconf 84' lang='lat' dir='ltr'><strong>dientiam</strong></span> <span class='ocrx_word' id='word_1_6' title='bbox 347 325 364 368; x_wconf 87' lang='lat' dir='ltr'><strong>a</strong></span> <span class='ocrx_word' id='word_1_7' title='bbox 385 308 424 368; x_wconf 91' lang='lat' dir='ltr'><strong>ud</strong></span> <span class='ocrx_word' id='word_1_8' title='bbox 442 325 493 370; x_wconf 86' lang='lat' dir='ltr'><strong>ecs</strong></span> <span class='ocrx_word' id='word_1_9' title='bbox 511 309 657 382; x_wconf 81' lang='lat' dir='ltr'><strong>conciliat,</strong></span> <span class='ocrx_word' id='word_1_10' title='bbox 685 307 742 368; x_wconf 90' lang='lat' dir='ltr'><strong>acsi</strong></span> <span class='ocrx_word' id='word_1_11' title='bbox 760 306 877 380; x_wconf 83' lang='lat' dir='ltr'><strong>diceret,</strong></span> <span class='ocrx_word' id='word_1_12' title='bbox 904 301 1038 382; x_wconf 80' lang='lat' dir='ltr'><strong>Quamvis</strong></span> <span class='ocrx_word' id='word_1_13' title='bbox 1051 306 1128 366; x_wconf 83' lang='lat' dir='ltr'><strong>uuiti</strong></span> <span class='ocrx_word' id='word_1_14' title='bbox 1145 325 1177 366; x_wconf 83' lang='lat' dir='ltr'><strong>se</strong></span> <span class='ocrx_word' id='word_1_15' title='bbox 1194 305 1280 369; x_wconf 71' lang='lat' dir='ltr'><strong>hstes</strong></span> 
     </span>
     <span class='ocr_line' id='line_1_3' title="bbox 195 328 1282 484; baseline -0.003 -34"><span class='ocrx_word' id='word_1_16' title='bbox 195 328 435 460; x_wconf 71' lang='lat' dir='ltr'><strong>filicshbrabae,</strong></span> <span class='ocrx_word' id='word_1_17' title='bbox 464 390 514 484; x_wconf 70' lang='lat' dir='ltr'><strong>qui</strong></span> <span class='ocrx_word' id='word_1_18' title='bbox 540 389 655 448; x_wconf 87' lang='lat' dir='ltr'><strong>minime</strong></span> <span class='ocrx_word' id='word_1_19' title='bbox 677 393 756 447; x_wconf 86' lang='lat' dir='ltr'><strong>tauto</strong></span> <span class='ocrx_word' id='word_1_20' title='bbox 773 385 885 448; x_wconf 89' lang='lat' dir='ltr'><strong>honore</strong></span> <span class='ocrx_word' id='word_1_21' title='bbox 904 385 980 466; x_wconf 74' lang='lat' dir='ltr'><strong>digni</strong></span> <span class='ocrx_word' id='word_1_22' title='bbox 999 392 1068 458; x_wconf 76' lang='lat' dir='ltr'><strong>emt,</strong></span> <span class='ocrx_word' id='word_1_23' title='bbox 1090 386 1224 446; x_wconf 70' lang='lat' dir='ltr'><strong>odardite</strong></span> <span class='ocrx_word' id='word_1_24' title='bbox 1241 409 1282 448; x_wconf 79' lang='lat' dir='ltr'><strong>ros</strong></span> 
     </span>
     <span class='ocr_line' id='line_1_4' title="bbox 194 463 1282 528; baseline -0.002 0"><span class='ocrx_word' id='word_1_25' title='bbox 194 488 255 528; x_wconf 89' lang='lat' dir='ltr'><strong>nou</strong></span> <span class='ocrx_word' id='word_1_26' title='bbox 278 486 341 528; x_wconf 84' lang='lat' dir='ltr'><strong>csse</strong></span> <span class='ocrx_word' id='word_1_27' title='bbox 365 467 555 528; x_wconf 85' lang='lat' dir='ltr'><strong>aduliemnum</strong></span> <span class='ocrx_word' id='word_1_28' title='bbox 579 487 683 528; x_wconf 87' lang='lat' dir='ltr'><strong>semen.</strong></span> <span class='ocrx_word' id='word_1_29' title='bbox 727 463 802 526; x_wconf 87' lang='lat' dir='ltr'><strong>Hinc</strong></span> <span class='ocrx_word' id='word_1_30' title='bbox 827 465 968 524; x_wconf 83' lang='lat' dir='ltr'><strong>discamus</strong></span> <span class='ocrx_word' id='word_1_31' title='bbox 991 485 1046 524; x_wconf 87' lang='lat' dir='ltr'><strong>uon</strong></span> <span class='ocrx_word' id='word_1_32' title='bbox 1066 485 1117 524; x_wconf 83' lang='lat' dir='ltr'><strong>csse</strong></span> <span class='ocrx_word' id='word_1_33' title='bbox 1133 468 1214 524; x_wconf 84' lang='lat' dir='ltr'><strong>unius</strong></span> <span class='ocrx_word' id='word_1_34' title='bbox 1233 487 1282 526; x_wconf 78' lang='lat' dir='ltr'><strong>sac</strong></span> 
     </span>
     <span class='ocr_line' id='line_1_5' title="bbox 195 543 1281 682; baseline -0.001 -76"><span class='ocrx_word' id='word_1_35' title='bbox 195 547 253 606; x_wconf 84' lang='lat' dir='ltr'><strong>culi</strong></span> <span class='ocrx_word' id='word_1_36' title='bbox 274 549 383 618; x_wconf 83' lang='lat' dir='ltr'><strong>vitium,</strong></span> <span class='ocrx_word' id='word_1_37' title='bbox 402 547 480 630; x_wconf 91' lang='lat' dir='ltr'><strong>qnod</strong></span> <span class='ocrx_word' id='word_1_38' title='bbox 499 548 580 628; x_wconf 88' lang='lat' dir='ltr'><strong>probi</strong></span> <span class='ocrx_word' id='word_1_39' title='bbox 600 554 629 607; x_wconf 89' lang='lat' dir='ltr'><strong>et</strong></span> <span class='ocrx_word' id='word_1_40' title='bbox 647 547 747 607; x_wconf 77' lang='lat' dir='ltr'><strong>sinceri</strong></span> <span class='ocrx_word' id='word_1_41' title='bbox 766 545 889 605; x_wconf 76' lang='lat' dir='ltr'><strong>cultores</strong></span> <span class='ocrx_word' id='word_1_42' title='bbox 909 543 1062 682; x_wconf 76' lang='lat' dir='ltr'><strong>hypocritis</strong></span> <span class='ocrx_word' id='word_1_43' title='bbox 1077 545 1193 626; x_wconf 81' lang='lat' dir='ltr'><strong>permixti</strong></span> <span class='ocrx_word' id='word_1_44' title='bbox 1211 565 1281 605; x_wconf 89' lang='lat' dir='ltr'><strong>com-</strong></span> 
     </span>
     <span class='ocr_line' id='line_1_6' title="bbox 140 623 1283 704; baseline -0.009 -12"><span class='ocrx_word' id='word_1_45' title='bbox 140 685 143 692; x_wconf 68' lang='lat'><strong>,</strong></span> <span class='ocrx_word' id='word_1_46' title='bbox 195 645 282 686; x_wconf 84' lang='lat' dir='ltr'><strong>mnne</strong></span> <span class='ocrx_word' id='word_1_47' title='bbox 304 627 379 686; x_wconf 89' lang='lat' dir='ltr'><strong>iuter</strong></span> <span class='ocrx_word' id='word_1_48' title='bbox 401 645 433 688; x_wconf 79' lang='lat' dir='ltr'><strong>se</strong></span> <span class='ocrx_word' id='word_1_49' title='bbox 452 626 556 688; x_wconf 89' lang='lat' dir='ltr'><strong>habent</strong></span> <span class='ocrx_word' id='word_1_50' title='bbox 575 626 716 687; x_wconf 76' lang='lat' dir='ltr'><strong>Ecclesiae</strong></span> <span class='ocrx_word' id='word_1_51' title='bbox 734 643 852 684; x_wconf 82' lang='lat' dir='ltr'><strong>nomeu:</strong></span> <span class='ocrx_word' id='word_1_52' title='bbox 876 623 926 683; x_wconf 89' lang='lat' dir='ltr'><strong>sed</strong></span> <span class='ocrx_word' id='word_1_53' title='bbox 967 643 1002 683; x_wconf 90' lang='lat' dir='ltr'><strong>oc</strong></span> <span class='ocrx_word' id='word_1_54' title='bbox 1019 624 1104 684; x_wconf 78' lang='lat' dir='ltr'><strong>sedda</strong></span> <span class='ocrx_word' id='word_1_55' title='bbox 1118 623 1189 684; x_wconf 86' lang='lat' dir='ltr'><strong>nabis</strong></span> <span class='ocrx_word' id='word_1_56' title='bbox 1205 645 1283 704; x_wconf 78' lang='lat' dir='ltr'><strong>agen-</strong></span> 
     </span>
    </p>
   </div>
   <div class='ocr_carea' id='block_1_3' title="bbox 67 701 1279 787">
    <p class='ocr_par' dir='ltr' id='par_1_3' title="bbox 67 701 1279 787">
     <span class='ocr_line' id='line_1_7' title="bbox 67 701 1279 787; baseline -0.002 -20"><span class='ocrx_word' id='word_1_57' title='bbox 67 711 69 727; x_wconf 94' lang='lat'>&#39;</span> <span class='ocrx_word' id='word_1_58' title='bbox 195 705 274 779; x_wconf 86' lang='lat' dir='ltr'><strong>dum,</strong></span> <span class='ocrx_word' id='word_1_59' title='bbox 293 711 327 764; x_wconf 87' lang='lat' dir='ltr'><strong>ut</strong></span> <span class='ocrx_word' id='word_1_60' title='bbox 344 725 376 766; x_wconf 88' lang='lat' dir='ltr'><strong>re</strong></span> <span class='ocrx_word' id='word_1_61' title='bbox 393 708 455 786; x_wconf 89' lang='lat' dir='ltr'><strong>ipsa</strong></span> <span class='ocrx_word' id='word_1_62' title='bbox 474 709 561 771; x_wconf 85' lang='lat' dir='ltr'><strong>simus</strong></span> <span class='ocrx_word' id='word_1_63' title='bbox 582 707 659 787; x_wconf 88' lang='lat' dir='ltr'><strong>quod</strong></span> <span class='ocrx_word' id='word_1_64' title='bbox 678 706 810 778; x_wconf 82' lang='lat' dir='ltr'><strong>dicimur,</strong></span> <span class='ocrx_word' id='word_1_65' title='bbox 835 703 915 782; x_wconf 86' lang='lat' dir='ltr'><strong>quod</strong></span> <span class='ocrx_word' id='word_1_66' title='bbox 933 703 1084 784; x_wconf 73' lang='lat' dir='ltr'><strong>praestabit</strong></span> <span class='ocrx_word' id='word_1_67' title='bbox 1097 723 1166 762; x_wconf 81' lang='lat' dir='ltr'><strong>verm</strong></span> <span class='ocrx_word' id='word_1_68' title='bbox 1181 701 1231 766; x_wconf 75' lang='lat' dir='ltr'><strong>De·</strong></span> <span class='ocrx_word' id='word_1_69' title='bbox 1249 705 1279 764; x_wconf 89' lang='lat' dir='ltr'><strong>ti·</strong></span> 
     </span>
    </p>
   </div>
   <div class='ocr_carea' id='block_1_4' title="bbox 101 785 1333 2532">
    <p class='ocr_par' dir='ltr' id='par_1_4' title="bbox 101 785 1333 2532">
     <span class='ocr_line' id='line_1_8' title="bbox 195 785 1279 946; baseline -0.006 -20"><span class='ocrx_word' id='word_1_70' title='bbox 195 793 554 946; x_wconf 52' lang='lat' dir='ltr'><strong>mor‚1pprrl›c‡emppp3p</strong></span> <span class='ocrx_word' id='word_1_71' title='bbox 556 785 783 926; x_wconf 42' lang='lat' dir='ltr'><strong>babinbrobbsasbb·</strong></span> <span class='ocrx_word' id='word_1_72' title='bbox 792 863 930 945; x_wconf 80' lang='lat' dir='ltr'><strong>praefatio</strong></span> <span class='ocrx_word' id='word_1_73' title='bbox 948 863 1030 923; x_wconf 85' lang='lat' dir='ltr'><strong>testis</strong></span> <span class='ocrx_word' id='word_1_74' title='bbox 1048 868 1106 944; x_wconf 71' lang='lat' dir='ltr'><strong>mat</strong></span> <span class='ocrx_word' id='word_1_75' title='bbox 1119 859 1223 919; x_wconf 81' lang='lat' dir='ltr'><strong>Panium</strong></span> <span class='ocrx_word' id='word_1_76' title='bbox 1236 864 1279 920; x_wconf 86' lang='lat' dir='ltr'><strong>rni-</strong></span> 
     </span>
     <span class='ocr_line' id='line_1_9' title="bbox 195 939 1284 1026; baseline -0.004 -23"><span class='ocrx_word' id='word_1_77' title='bbox 195 943 271 1003; x_wconf 86' lang='lat' dir='ltr'><strong>nime</strong></span> <span class='ocrx_word' id='word_1_78' title='bbox 295 945 451 1004; x_wconf 76' lang='lat' dir='ltr'><strong>novitatem</strong></span> <span class='ocrx_word' id='word_1_79' title='bbox 475 945 601 1026; x_wconf 87' lang='lat' dir='ltr'><strong>aliquam</strong></span> <span class='ocrx_word' id='word_1_80' title='bbox 619 945 726 1020; x_wconf 87' lang='lat' dir='ltr'><strong>moliri,</strong></span> <span class='ocrx_word' id='word_1_81' title='bbox 746 963 819 1025; x_wconf 85' lang='lat' dir='ltr'><strong>quac</strong></span> <span class='ocrx_word' id='word_1_82' title='bbox 838 943 976 1024; x_wconf 83' lang='lat' dir='ltr'><strong>poputum</strong></span> <span class='ocrx_word' id='word_1_83' title='bbox 996 962 1014 1001; x_wconf 82' lang='lat' dir='ltr'><strong>a</strong></span> <span class='ocrx_word' id='word_1_84' title='bbox 1034 939 1107 1022; x_wconf 52' lang='lat' dir='ltr'><strong>Iege</strong></span> <span class='ocrx_word' id='word_1_85' title='bbox 1123 940 1199 1000; x_wconf 80' lang='lat' dir='ltr'><strong>bissis</strong></span> <span class='ocrx_word' id='word_1_86' title='bbox 1213 940 1284 999; x_wconf 83' lang='lat' dir='ltr'><strong>abdu-</strong></span> 
     </span>
     <span class='ocr_line' id='line_1_10' title="bbox 195 1018 1285 1119; baseline -0.006 -37"><span class='ocrx_word' id='word_1_87' title='bbox 195 1027 280 1082; x_wconf 79' lang='lat' dir='ltr'><strong>ceree</strong></span> <span class='ocrx_word' id='word_1_88' title='bbox 320 1021 400 1084; x_wconf 87' lang='lat' dir='ltr'><strong>Unus</strong></span> <span class='ocrx_word' id='word_1_89' title='bbox 425 1024 539 1119; x_wconf 69' lang='lat' dir='ltr'><strong>quidem</strong></span> <span class='ocrx_word' id='word_1_90' title='bbox 557 1033 601 1084; x_wconf 86' lang='lat' dir='ltr'><strong>est</strong></span> <span class='ocrx_word' id='word_1_91' title='bbox 619 1026 746 1104; x_wconf 81' lang='lat' dir='ltr'><strong>gentium</strong></span> <span class='ocrx_word' id='word_1_92' title='bbox 766 1023 892 1084; x_wconf 87' lang='lat' dir='ltr'><strong>omnium</strong></span> <span class='ocrx_word' id='word_1_93' title='bbox 911 1021 1007 1082; x_wconf 67' lang='lat' dir='ltr'><strong>Decet</strong></span> <span class='ocrx_word' id='word_1_94' title='bbox 1036 1021 1084 1080; x_wconf 81' lang='lat' dir='ltr'><strong>sed</strong></span> <span class='ocrx_word' id='word_1_95' title='bbox 1102 1018 1189 1079; x_wconf 85' lang='lat' dir='ltr'><strong>Deum</strong></span> <span class='ocrx_word' id='word_1_96' title='bbox 1203 1019 1285 1098; x_wconf 87' lang='lat' dir='ltr'><strong>popuii</strong></span> 
     </span>
     <span class='ocr_line' id='line_1_11' title="bbox 195 1097 1285 1184; baseline -0.005 -24"><span class='ocrx_word' id='word_1_97' title='bbox 195 1099 271 1160; x_wconf 87' lang='lat' dir='ltr'><strong>illius</strong></span> <span class='ocrx_word' id='word_1_98' title='bbox 289 1109 374 1162; x_wconf 85' lang='lat' dir='ltr'><strong>vocat</strong></span> <span class='ocrx_word' id='word_1_99' title='bbox 393 1122 440 1162; x_wconf 91' lang='lat' dir='ltr'><strong>cur</strong></span> <span class='ocrx_word' id='word_1_100' title='bbox 458 1123 490 1164; x_wconf 88' lang='lat' dir='ltr'><strong>se</strong></span> <span class='ocrx_word' id='word_1_101' title='bbox 510 1105 690 1178; x_wconf 81' lang='lat' dir='ltr'><strong>devinxerat,</strong></span> <span class='ocrx_word' id='word_1_102' title='bbox 709 1109 740 1164; x_wconf 88' lang='lat' dir='ltr'><strong>et</strong></span> <span class='ocrx_word' id='word_1_103' title='bbox 759 1103 808 1184; x_wconf 88' lang='lat' dir='ltr'><strong>qui</strong></span> <span class='ocrx_word' id='word_1_104' title='bbox 827 1102 973 1162; x_wconf 82' lang='lat' dir='ltr'><strong>colebatur</strong></span> <span class='ocrx_word' id='word_1_105' title='bbox 991 1103 1065 1160; x_wconf 84' lang='lat' dir='ltr'><strong>inter</strong></span> <span class='ocrx_word' id='word_1_106' title='bbox 1082 1106 1198 1180; x_wconf 75' lang='lat' dir='ltr'><strong>parterm</strong></span> <span class='ocrx_word' id='word_1_107' title='bbox 1214 1097 1285 1158; x_wconf 80' lang='lat' dir='ltr'><strong>Abra</strong></span> 
     </span>
     <span class='ocr_line' id='line_1_12' title="bbox 195 1177 1287 1264; baseline -0.002 -26"><span class='ocrx_word' id='word_1_108' title='bbox 195 1177 265 1252; x_wconf 87' lang='lat' dir='ltr'><strong>hae,</strong></span> <span class='ocrx_word' id='word_1_109' title='bbox 289 1199 376 1261; x_wconf 84' lang='lat' dir='ltr'><strong>penes</strong></span> <span class='ocrx_word' id='word_1_110' title='bbox 396 1201 470 1261; x_wconf 86' lang='lat' dir='ltr'><strong>quos</strong></span> <span class='ocrx_word' id='word_1_111' title='bbox 490 1183 565 1243; x_wconf 83' lang='lat' dir='ltr'><strong>solos</strong></span> <span class='ocrx_word' id='word_1_112' title='bbox 586 1197 657 1264; x_wconf 89' lang='lat' dir='ltr'><strong>pura</strong></span> <span class='ocrx_word' id='word_1_113' title='bbox 677 1189 706 1242; x_wconf 90' lang='lat' dir='ltr'><strong>et</strong></span> <span class='ocrx_word' id='word_1_114' title='bbox 725 1183 831 1262; x_wconf 81' lang='lat' dir='ltr'><strong>integra</strong></span> <span class='ocrx_word' id='word_1_115' title='bbox 851 1181 965 1262; x_wconf 79' lang='lat' dir='ltr'><strong>vigebat</strong></span> <span class='ocrx_word' id='word_1_116' title='bbox 984 1181 1088 1260; x_wconf 72' lang='lat' dir='ltr'><strong>religio.</strong></span> <span class='ocrx_word' id='word_1_117' title='bbox 1123 1177 1219 1236; x_wconf 76' lang='lat' dir='ltr'><strong>Eodem</strong></span> <span class='ocrx_word' id='word_1_118' title='bbox 1237 1197 1287 1258; x_wconf 78' lang='lat' dir='ltr'><strong>per·</strong></span> 
     </span>
     <span class='ocr_line' id='line_1_13' title="bbox 101 1255 1288 1345; baseline -0.008 -24"><span class='ocrx_word' id='word_1_119' title='bbox 101 1297 103 1309; x_wconf 66' lang='grc' dir='ltr'>ι</span> <span class='ocrx_word' id='word_1_120' title='bbox 195 1260 268 1320; x_wconf 84' lang='lat' dir='ltr'><strong>tinet</strong></span> <span class='ocrx_word' id='word_1_121' title='bbox 291 1259 369 1340; x_wconf 88' lang='lat' dir='ltr'><strong>quod</strong></span> <span class='ocrx_word' id='word_1_122' title='bbox 393 1281 463 1321; x_wconf 84' lang='lat' dir='ltr'><strong>mox</strong></span> <span class='ocrx_word' id='word_1_123' title='bbox 481 1263 639 1336; x_wconf 85' lang='lat' dir='ltr'><strong>subiicitur,</strong></span> <span class='ocrx_word' id='word_1_124' title='bbox 663 1265 751 1345; x_wconf 71' lang='lat' dir='ltr'><strong>elegit</strong></span> <span class='ocrx_word' id='word_1_125' title='bbox 768 1273 869 1342; x_wconf 81' lang='lat' dir='ltr'><strong>patres</strong></span> <span class='ocrx_word' id='word_1_126' title='bbox 887 1271 1019 1322; x_wconf 73' lang='lat' dir='ltr'><strong>miros:</strong></span> <span class='ocrx_word' id='word_1_127' title='bbox 1042 1265 1151 1318; x_wconf 80' lang='lat' dir='ltr'><strong>testatur</strong></span> <span class='ocrx_word' id='word_1_128' title='bbox 1165 1258 1234 1315; x_wconf 76' lang='lat' dir='ltr'><strong>mrim</strong></span> <span class='ocrx_word' id='word_1_129' title='bbox 1252 1255 1288 1313; x_wconf 87' lang='lat' dir='ltr'><strong>his</strong></span> 
     </span>
     <span class='ocr_line' id='line_1_14' title="bbox 196 1333 1286 1422; baseline -0.002 -26"><span class='ocrx_word' id='word_1_130' title='bbox 196 1337 303 1414; x_wconf 76' lang='lat' dir='ltr'><strong>serbis,</strong></span> <span class='ocrx_word' id='word_1_131' title='bbox 332 1339 403 1400; x_wconf 90' lang='lat' dir='ltr'><strong>nihil</strong></span> <span class='ocrx_word' id='word_1_132' title='bbox 426 1343 572 1402; x_wconf 88' lang='lat' dir='ltr'><strong>seminus</strong></span> <span class='ocrx_word' id='word_1_133' title='bbox 596 1349 712 1422; x_wconf 84' lang='lat' dir='ltr'><strong>captare</strong></span> <span class='ocrx_word' id='word_1_134' title='bbox 736 1361 823 1422; x_wconf 86' lang='lat' dir='ltr'><strong>quam</strong></span> <span class='ocrx_word' id='word_1_135' title='bbox 849 1347 880 1402; x_wconf 90' lang='lat' dir='ltr'><strong>nt</strong></span> <span class='ocrx_word' id='word_1_136' title='bbox 899 1359 916 1400; x_wconf 90' lang='lat' dir='ltr'><strong>a</strong></span> <span class='ocrx_word' id='word_1_137' title='bbox 936 1339 1004 1400; x_wconf 89' lang='lat' dir='ltr'><strong>Deo</strong></span> <span class='ocrx_word' id='word_1_138' title='bbox 1025 1344 1131 1399; x_wconf 74' lang='lat' dir='ltr'><strong>veo-et</strong></span> <span class='ocrx_word' id='word_1_139' title='bbox 1147 1338 1208 1394; x_wconf 76' lang='lat' dir='ltr'><strong>viro</strong></span> <span class='ocrx_word' id='word_1_140' title='bbox 1226 1333 1286 1394; x_wconf 83' lang='lat' dir='ltr'><strong>deh-</strong></span> 
     </span>
     <span class='ocr_line' id='line_1_15' title="bbox 196 1413 1284 1506; baseline -0.006 -30"><span class='ocrx_word' id='word_1_141' title='bbox 196 1418 286 1493; x_wconf 89' lang='lat' dir='ltr'><strong>ciant,</strong></span> <span class='ocrx_word' id='word_1_142' title='bbox 314 1419 366 1499; x_wconf 83' lang='lat' dir='ltr'><strong>qui</strong></span> <span class='ocrx_word' id='word_1_143' title='bbox 382 1439 433 1479; x_wconf 87' lang='lat' dir='ltr'><strong>eos</strong></span> <span class='ocrx_word' id='word_1_144' title='bbox 452 1439 469 1480; x_wconf 88' lang='lat' dir='ltr'><strong>n</strong></span> <span class='ocrx_word' id='word_1_145' title='bbox 487 1421 597 1503; x_wconf 75' lang='lat' dir='ltr'><strong>reliquo</strong></span> <span class='ocrx_word' id='word_1_146' title='bbox 615 1421 724 1482; x_wconf 88' lang='lat' dir='ltr'><strong>mundo</strong></span> <span class='ocrx_word' id='word_1_147' title='bbox 743 1422 908 1502; x_wconf 73' lang='lat' dir='ltr'><strong>segregavit.</strong></span> <span class='ocrx_word' id='word_1_148' title='bbox 949 1417 1013 1480; x_wconf 87' lang='lat' dir='ltr'><strong>Nec</strong></span> <span class='ocrx_word' id='word_1_149' title='bbox 1028 1418 1091 1477; x_wconf 84' lang='lat' dir='ltr'><strong>mihi</strong></span> <span class='ocrx_word' id='word_1_150' title='bbox 1107 1435 1166 1474; x_wconf 82' lang='lat' dir='ltr'><strong>sene</strong></span> <span class='ocrx_word' id='word_1_151' title='bbox 1181 1413 1284 1506; x_wconf 78' lang='lat' dir='ltr'><strong>dubium</strong></span> 
     </span>
     <span class='ocr_line' id='line_1_16' title="bbox 196 1494 1282 1577; baseline -0.004 -23"><span class='ocrx_word' id='word_1_152' title='bbox 196 1503 241 1555; x_wconf 86' lang='lat' dir='ltr'><strong>cst</strong></span> <span class='ocrx_word' id='word_1_153' title='bbox 264 1497 333 1576; x_wconf 90' lang='lat' dir='ltr'><strong>quin</strong></span> <span class='ocrx_word' id='word_1_154' title='bbox 357 1497 459 1560; x_wconf 83' lang='lat' dir='ltr'><strong>clarius</strong></span> <span class='ocrx_word' id='word_1_155' title='bbox 484 1521 521 1560; x_wconf 84' lang='lat' dir='ltr'><strong>cx</strong></span> <span class='ocrx_word' id='word_1_156' title='bbox 542 1503 667 1574; x_wconf 79' lang='lat' dir='ltr'><strong>cesserit,</strong></span> <span class='ocrx_word' id='word_1_157' title='bbox 696 1521 728 1560; x_wconf 88' lang='lat' dir='ltr'><strong>se</strong></span> <span class='ocrx_word' id='word_1_158' title='bbox 752 1499 847 1560; x_wconf 89' lang='lat' dir='ltr'><strong>Deum</strong></span> <span class='ocrx_word' id='word_1_159' title='bbox 870 1499 925 1560; x_wconf 87' lang='lat' dir='ltr'><strong>iihs</strong></span> <span class='ocrx_word' id='word_1_160' title='bbox 950 1519 1010 1559; x_wconf 90' lang='lat' dir='ltr'><strong>nou</strong></span> <span class='ocrx_word' id='word_1_161' title='bbox 1028 1499 1144 1577; x_wconf 75' lang='lat' dir='ltr'><strong>ignotum</strong></span> <span class='ocrx_word' id='word_1_162' title='bbox 1159 1494 1199 1553; x_wconf 79' lang='lat' dir='ltr'><strong>ret</strong></span> <span class='ocrx_word' id='word_1_163' title='bbox 1215 1511 1282 1551; x_wconf 83' lang='lat' dir='ltr'><strong>novr-</strong></span> 
     </span>
     <span class='ocr_line' id='line_1_17' title="bbox 195 1523 1286 1663; baseline -0.006 -28"><span class='ocrx_word' id='word_1_164' title='bbox 195 1575 269 1635; x_wconf 88' lang='lat' dir='ltr'><strong>tium</strong></span> <span class='ocrx_word' id='word_1_165' title='bbox 286 1577 461 1657; x_wconf 70' lang='lat' dir='ltr'><strong>praedicere,</strong></span> <span class='ocrx_word' id='word_1_166' title='bbox 480 1523 540 1641; x_wconf 56' lang='lat' dir='ltr'><strong>sed</strong></span> <span class='ocrx_word' id='word_1_167' title='bbox 549 1583 599 1662; x_wconf 91' lang='lat' dir='ltr'><strong>qui</strong></span> <span class='ocrx_word' id='word_1_168' title='bbox 617 1581 728 1663; x_wconf 84' lang='lat' dir='ltr'><strong>pridem</strong></span> <span class='ocrx_word' id='word_1_169' title='bbox 746 1599 850 1640; x_wconf 86' lang='lat' dir='ltr'><strong>eorum</strong></span> <span class='ocrx_word' id='word_1_170' title='bbox 865 1579 994 1661; x_wconf 86' lang='lat' dir='ltr'><strong>patribus</strong></span> <span class='ocrx_word' id='word_1_171' title='bbox 1012 1580 1172 1638; x_wconf 74' lang='lat' dir='ltr'><strong>innotuerua</strong></span> <span class='ocrx_word' id='word_1_172' title='bbox 1187 1573 1286 1630; x_wconf 83' lang='lat' dir='ltr'><strong>itabre-</strong></span> 
     </span>
     <span class='ocr_line' id='line_1_18' title="bbox 194 1651 1290 1739; baseline 0.005 -25"><span class='ocrx_word' id='word_1_173' title='bbox 194 1655 486 1739; x_wconf 78' lang='lat' dir='ltr'><strong>vitercompleetitcr</strong></span> <span class='ocrx_word' id='word_1_174' title='bbox 504 1661 622 1720; x_wconf 90' lang='lat' dir='ltr'><strong>solidam</strong></span> <span class='ocrx_word' id='word_1_175' title='bbox 641 1660 698 1734; x_wconf 77' lang='lat' dir='ltr'><strong>Dei</strong></span> <span class='ocrx_word' id='word_1_176' title='bbox 716 1661 862 1734; x_wconf 85' lang='lat' dir='ltr'><strong>notitiam,</strong></span> <span class='ocrx_word' id='word_1_177' title='bbox 881 1678 956 1739; x_wconf 84' lang='lat' dir='ltr'><strong>quae</strong></span> <span class='ocrx_word' id='word_1_178' title='bbox 974 1660 1004 1718; x_wconf 89' lang='lat' dir='ltr'><strong>in</strong></span> <span class='ocrx_word' id='word_1_179' title='bbox 1021 1655 1099 1736; x_wconf 66' lang='lat' dir='ltr'><strong>rege</strong></span> <span class='ocrx_word' id='word_1_180' title='bbox 1116 1651 1218 1713; x_wconf 87' lang='lat' dir='ltr'><strong>imdata</strong></span> <span class='ocrx_word' id='word_1_181' title='bbox 1232 1655 1290 1720; x_wconf 62' lang='lat'><strong>“²⁸2</strong></span> 
     </span>
     <span class='ocr_line' id='line_1_19' title="bbox 195 1727 1289 1819; baseline -0.003 -26"><span class='ocrx_word' id='word_1_182' title='bbox 195 1733 359 1796; x_wconf 71' lang='lat' dir='ltr'><strong>uidebitis</strong></span> <span class='ocrx_word' id='word_1_183' title='bbox 383 1746 496 1807; x_wconf 86' lang='lat' dir='ltr'><strong>maneat</strong></span> <span class='ocrx_word' id='word_1_184' title='bbox 514 1760 613 1800; x_wconf 91' lang='lat' dir='ltr'><strong>eorum</strong></span> <span class='ocrx_word' id='word_1_185' title='bbox 632 1735 702 1800; x_wconf 77' lang='lat' dir='ltr'><strong>fides</strong></span> <span class='ocrx_word' id='word_1_186' title='bbox 721 1760 759 1800; x_wconf 88' lang='lat' dir='ltr'><strong>ex</strong></span> <span class='ocrx_word' id='word_1_187' title='bbox 777 1737 853 1819; x_wconf 80' lang='lat' dir='ltr'><strong>Lege</strong></span> <span class='ocrx_word' id='word_1_188' title='bbox 873 1747 902 1800; x_wconf 87' lang='lat' dir='ltr'><strong>et</strong></span> <span class='ocrx_word' id='word_1_189' title='bbox 920 1737 1076 1818; x_wconf 70' lang='lat' dir='ltr'><strong>Prophetis</strong></span> <span class='ocrx_word' id='word_1_190' title='bbox 1094 1738 1224 1812; x_wconf 84' lang='lat' dir='ltr'><strong>concepta.</strong></span> <span class='ocrx_word' id='word_1_191' title='bbox 1255 1727 1289 1786; x_wconf 90' lang='lat' dir='ltr'><strong>h·</strong></span> 
     </span>
     <span class='ocr_line' id='line_1_20' title="bbox 197 1813 1291 1912; baseline -0.004 -39"><span class='ocrx_word' id='word_1_192' title='bbox 197 1819 274 1873; x_wconf 75' lang='lat' dir='ltr'><strong>terea</strong></span> <span class='ocrx_word' id='word_1_193' title='bbox 299 1821 394 1876; x_wconf 86' lang='lat' dir='ltr'><strong>tamen</strong></span> <span class='ocrx_word' id='word_1_194' title='bbox 419 1821 573 1912; x_wconf 58' lang='lat' dir='ltr'><strong>gratuitum</strong></span> <span class='ocrx_word' id='word_1_195' title='bbox 597 1819 654 1880; x_wconf 91' lang='lat' dir='ltr'><strong>Dei</strong></span> <span class='ocrx_word' id='word_1_196' title='bbox 677 1839 803 1880; x_wconf 87' lang='lat' dir='ltr'><strong>amorem</strong></span> <span class='ocrx_word' id='word_1_197' title='bbox 828 1839 895 1896; x_wconf 68' lang='lat' dir='ltr'><strong>erga</strong></span> <span class='ocrx_word' id='word_1_198' title='bbox 919 1818 1060 1898; x_wconf 88' lang='lat' dir='ltr'><strong>populum</strong></span> <span class='ocrx_word' id='word_1_199' title='bbox 1085 1813 1161 1873; x_wconf 84' lang='lat' dir='ltr'><strong>iilum</strong></span> <span class='ocrx_word' id='word_1_200' title='bbox 1177 1827 1291 1869; x_wconf 81' lang='lat' dir='ltr'><strong>murum·</strong></span> 
     </span>
     <span class='ocr_line' id='line_1_21' title="bbox 196 1887 1290 1974; baseline -0.005 -22"><span class='ocrx_word' id='word_1_201' title='bbox 196 1891 259 1952; x_wconf 80' lang='lat' dir='ltr'><strong>dat:</strong></span> <span class='ocrx_word' id='word_1_202' title='bbox 288 1895 364 1955; x_wconf 89' lang='lat' dir='ltr'><strong>unde</strong></span> <span class='ocrx_word' id='word_1_203' title='bbox 387 1915 463 1957; x_wconf 89' lang='lat' dir='ltr'><strong>enrm</strong></span> <span class='ocrx_word' id='word_1_204' title='bbox 486 1897 594 1958; x_wconf 78' lang='lat' dir='ltr'><strong>factum</strong></span> <span class='ocrx_word' id='word_1_205' title='bbox 617 1906 675 1974; x_wconf 88' lang='lat' dir='ltr'><strong>est,</strong></span> <span class='ocrx_word' id='word_1_206' title='bbox 703 1907 736 1959; x_wconf 91' lang='lat' dir='ltr'><strong>ut</strong></span> <span class='ocrx_word' id='word_1_207' title='bbox 760 1899 813 1959; x_wconf 89' lang='lat' dir='ltr'><strong>soli</strong></span> <span class='ocrx_word' id='word_1_208' title='bbox 832 1897 965 1958; x_wconf 83' lang='lat' dir='ltr'><strong>Abrahae</strong></span> <span class='ocrx_word' id='word_1_209' title='bbox 985 1896 1038 1955; x_wconf 83' lang='lat' dir='ltr'><strong>iiiii</strong></span> <span class='ocrx_word' id='word_1_210' title='bbox 1058 1892 1181 1953; x_wconf 69' lang='lat' dir='ltr'><strong>Feclesia</strong></span> <span class='ocrx_word' id='word_1_211' title='bbox 1196 1887 1241 1948; x_wconf 82' lang='lat' dir='ltr'><strong>De&#39;</strong></span> <span class='ocrx_word' id='word_1_212' title='bbox 1257 1907 1290 1946; x_wconf 71' lang='lat' dir='ltr'><strong>ee</strong></span> 
     </span>
     <span class='ocr_line' id='line_1_22' title="bbox 196 1965 1288 2058; baseline -0.004 -24"><span class='ocrx_word' id='word_1_213' title='bbox 196 1979 261 2034; x_wconf 81' lang='lat' dir='ltr'><strong>seut</strong></span> <span class='ocrx_word' id='word_1_214' title='bbox 277 1993 313 2034; x_wconf 89' lang='lat' dir='ltr'><strong>ac</strong></span> <span class='ocrx_word' id='word_1_215' title='bbox 331 1973 495 2052; x_wconf 72' lang='lat' dir='ltr'><strong>haereditas,</strong></span> <span class='ocrx_word' id='word_1_216' title='bbox 514 1980 567 2038; x_wconf 78' lang='lat' dir='ltr'><strong>uisi</strong></span> <span class='ocrx_word' id='word_1_217' title='bbox 586 1981 653 2058; x_wconf 82' lang='lat' dir='ltr'><strong>quie</strong></span> <span class='ocrx_word' id='word_1_218' title='bbox 671 1979 749 2058; x_wconf 89' lang='lat' dir='ltr'><strong>ipsos</strong></span> <span class='ocrx_word' id='word_1_219' title='bbox 768 1995 786 2038; x_wconf 89' lang='lat' dir='ltr'><strong>a</strong></span> <span class='ocrx_word' id='word_1_220' title='bbox 804 1977 919 2058; x_wconf 83' lang='lat' dir='ltr'><strong>reliquis</strong></span> <span class='ocrx_word' id='word_1_221' title='bbox 938 1975 1072 2056; x_wconf 72' lang='lat' dir='ltr'><strong>gentibus</strong></span> <span class='ocrx_word' id='word_1_222' title='bbox 1091 1965 1288 2032; x_wconf 67' lang='lat' dir='ltr'><strong>memerito</strong></span> 
     </span>
     <span class='ocr_line' id='line_1_23' title="bbox 196 2045 1291 2137; baseline 0.001 -25"><span class='ocrx_word' id='word_1_223' title='bbox 196 2051 323 2132; x_wconf 83' lang='lat' dir='ltr'><strong>placuit?</strong></span> <span class='ocrx_word' id='word_1_224' title='bbox 361 2053 447 2116; x_wconf 85' lang='lat' dir='ltr'><strong>Nulla</strong></span> <span class='ocrx_word' id='word_1_225' title='bbox 470 2059 547 2118; x_wconf 88' lang='lat' dir='ltr'><strong>euim</strong></span> <span class='ocrx_word' id='word_1_226' title='bbox 570 2057 623 2118; x_wconf 80' lang='lat' dir='ltr'><strong>fuit</strong></span> <span class='ocrx_word' id='word_1_227' title='bbox 646 2059 782 2137; x_wconf 74' lang='lat' dir='ltr'><strong>dignitas,</strong></span> <span class='ocrx_word' id='word_1_228' title='bbox 810 2076 885 2136; x_wconf 85' lang='lat' dir='ltr'><strong>quae</strong></span> <span class='ocrx_word' id='word_1_229' title='bbox 909 2057 987 2136; x_wconf 79' lang='lat' dir='ltr'><strong>ipsos</strong></span> <span class='ocrx_word' id='word_1_230' title='bbox 1006 2055 1188 2114; x_wconf 66' lang='lat' dir='ltr'><strong>damma,</strong></span> <span class='ocrx_word' id='word_1_231' title='bbox 1207 2045 1246 2104; x_wconf 66' lang='lat' dir='ltr'><strong>ted</strong></span> <span class='ocrx_word' id='word_1_232' title='bbox 1261 2045 1291 2102; x_wconf 68' lang='lat' dir='ltr'><strong>d*</strong></span> 
     </span>
     <span class='ocr_line' id='line_1_24' title="bbox 196 2124 1291 2216; baseline -0.005 -24"><span class='ocrx_word' id='word_1_233' title='bbox 196 2133 319 2192; x_wconf 73' lang='lat' dir='ltr'><strong>wrhnen</strong></span> <span class='ocrx_word' id='word_1_234' title='bbox 343 2137 438 2216; x_wconf 90' lang='lat' dir='ltr'><strong>coepit</strong></span> <span class='ocrx_word' id='word_1_235' title='bbox 456 2155 495 2196; x_wconf 85' lang='lat' dir='ltr'><strong>ex</strong></span> <span class='ocrx_word' id='word_1_236' title='bbox 516 2136 572 2198; x_wconf 87' lang='lat' dir='ltr'><strong>Dei</strong></span> <span class='ocrx_word' id='word_1_237' title='bbox 596 2155 706 2212; x_wconf 87' lang='lat' dir='ltr'><strong>amore,</strong></span> <span class='ocrx_word' id='word_1_238' title='bbox 757 2156 794 2196; x_wconf 90' lang='lat' dir='ltr'><strong>uc</strong></span> <span class='ocrx_word' id='word_1_239' title='bbox 817 2137 904 2216; x_wconf 79' lang='lat' dir='ltr'><strong>gratis</strong></span> <span class='ocrx_word' id='word_1_240' title='bbox 923 2134 1096 2214; x_wconf 80' lang='lat' dir='ltr'><strong>complexas</strong></span> <span class='ocrx_word' id='word_1_241' title='bbox 1113 2135 1157 2192; x_wconf 81' lang='lat' dir='ltr'><strong>est</strong></span> <span class='ocrx_word' id='word_1_242' title='bbox 1172 2124 1291 2188; x_wconf 78' lang='lat' dir='ltr'><strong>Abraham</strong></span> 
     </span>
     <span class='ocr_line' id='line_1_25' title="bbox 196 2207 1292 2296; baseline -0.016 -15"><span class='ocrx_word' id='word_1_243' title='bbox 196 2207 252 2270; x_wconf 72' lang='lat' dir='ltr'><strong>ffiss</strong></span> <span class='ocrx_word' id='word_1_244' title='bbox 271 2213 409 2291; x_wconf 67' lang='lat' dir='ltr'><strong>gratuitus</strong></span> <span class='ocrx_word' id='word_1_245' title='bbox 429 2213 485 2280; x_wconf 78' lang='lat' dir='ltr'><strong>Dei</strong></span> <span class='ocrx_word' id='word_1_246' title='bbox 502 2216 585 2278; x_wconf 78' lang='lat' dir='ltr'><strong>favor</strong></span> <span class='ocrx_word' id='word_1_247' title='bbox 603 2235 687 2296; x_wconf 88' lang='lat' dir='ltr'><strong>saepe</strong></span> <span class='ocrx_word' id='word_1_248' title='bbox 706 2235 723 2276; x_wconf 86' lang='lat' dir='ltr'><strong>a</strong></span> <span class='ocrx_word' id='word_1_249' title='bbox 774 2235 823 2274; x_wconf 89' lang='lat' dir='ltr'><strong>ose</strong></span> <span class='ocrx_word' id='word_1_250' title='bbox 842 2215 952 2276; x_wconf 86' lang='lat' dir='ltr'><strong>ludaeis</strong></span> <span class='ocrx_word' id='word_1_251' title='bbox 974 2214 1006 2273; x_wconf 93' lang='lat' dir='ltr'><strong>in</strong></span> <span class='ocrx_word' id='word_1_252' title='bbox 1024 2212 1189 2270; x_wconf 83' lang='lat' dir='ltr'><strong>memoriam</strong></span> <span class='ocrx_word' id='word_1_253' title='bbox 1206 2221 1292 2264; x_wconf 73' lang='lat' dir='ltr'><strong>msam·</strong></span> 
     </span>
     <span class='ocr_line' id='line_1_26' title="bbox 196 2283 1292 2374; baseline -0.008 -24"><span class='ocrx_word' id='word_1_254' title='bbox 196 2295 259 2366; x_wconf 85' lang='lat' dir='ltr'><strong>tur,</strong></span> <span class='ocrx_word' id='word_1_255' title='bbox 283 2299 317 2352; x_wconf 90' lang='lat' dir='ltr'><strong>ut</strong></span> <span class='ocrx_word' id='word_1_256' title='bbox 335 2291 550 2356; x_wconf 81' lang='lat' dir='ltr'><strong>Deuteronomii</strong></span> <span class='ocrx_word' id='word_1_257' title='bbox 576 2296 702 2374; x_wconf 77' lang='grc'><strong>4,(37.)</strong></span> <span class='ocrx_word' id='word_1_258' title='bbox 721 2297 750 2371; x_wconf 80' lang='grc'><strong>7,</strong></span> <span class='ocrx_word' id='word_1_259' title='bbox 771 2296 827 2374; x_wconf 85' lang='grc'>(8.)</span> <span class='ocrx_word' id='word_1_260' title='bbox 850 2299 895 2358; x_wconf 84' lang='grc'><strong>10.</strong></span> <span class='ocrx_word' id='word_1_261' title='bbox 916 2294 963 2356; x_wconf 82' lang='grc'><strong>14.</strong></span> <span class='ocrx_word' id='word_1_262' title='bbox 983 2295 1032 2354; x_wconf 74' lang='lat'><strong>3⁶2.</strong></span> <span class='ocrx_word' id='word_1_263' title='bbox 1053 2299 1085 2351; x_wconf 86' lang='lat' dir='ltr'><strong>et</strong></span> <span class='ocrx_word' id='word_1_264' title='bbox 1105 2289 1165 2348; x_wconf 81' lang='lat' dir='ltr'><strong>aliis</strong></span> <span class='ocrx_word' id='word_1_265' title='bbox 1182 2286 1250 2346; x_wconf 84' lang='lat' dir='ltr'><strong>ioc&#39;s:</strong></span> <span class='ocrx_word' id='word_1_266' title='bbox 1272 2283 1292 2372; x_wconf 78' lang='lat' dir='ltr'><strong>ia</strong></span> 
     </span>
     <span class='ocr_line' id='line_1_27' title="bbox 196 2367 1293 2457; baseline -0.004 -25"><span class='ocrx_word' id='word_1_267' title='bbox 196 2389 256 2452; x_wconf 84' lang='lat' dir='ltr'><strong>quo</strong></span> <span class='ocrx_word' id='word_1_268' title='bbox 280 2371 389 2434; x_wconf 85' lang='lat' dir='ltr'><strong>illustre</strong></span> <span class='ocrx_word' id='word_1_269' title='bbox 411 2375 582 2438; x_wconf 84' lang='lat' dir='ltr'><strong>admirabilis</strong></span> <span class='ocrx_word' id='word_1_270' title='bbox 607 2375 716 2436; x_wconf 86' lang='lat' dir='ltr'><strong>consilii</strong></span> <span class='ocrx_word' id='word_1_271' title='bbox 736 2376 780 2434; x_wconf 89' lang='lat' dir='ltr'><strong>sui</strong></span> <span class='ocrx_word' id='word_1_272' title='bbox 798 2375 947 2454; x_wconf 87' lang='lat' dir='ltr'><strong>specuium</strong></span> <span class='ocrx_word' id='word_1_273' title='bbox 966 2370 1050 2432; x_wconf 86' lang='lat' dir='ltr'><strong>nobis</strong></span> <span class='ocrx_word' id='word_1_274' title='bbox 1072 2369 1153 2429; x_wconf 78' lang='lat' dir='ltr'><strong>Deus</strong></span> <span class='ocrx_word' id='word_1_275' title='bbox 1170 2367 1293 2457; x_wconf 60' lang='lat' dir='ltr'><strong>pmppputir</strong></span> 
     </span>
     <span class='ocr_line' id='line_1_28' title="bbox 197 2443 1333 2532; baseline -0.011 -21"><span class='ocrx_word' id='word_1_276' title='bbox 197 2451 276 2528; x_wconf 79' lang='lat' dir='ltr'><strong>qrrod</strong></span> <span class='ocrx_word' id='word_1_277' title='bbox 299 2452 373 2514; x_wconf 83' lang='lat' dir='ltr'><strong>nihil</strong></span> <span class='ocrx_word' id='word_1_278' title='bbox 393 2455 576 2517; x_wconf 76' lang='lat' dir='ltr'><strong>excellentiae</strong></span> <span class='ocrx_word' id='word_1_279' title='bbox 599 2456 629 2515; x_wconf 90' lang='lat' dir='ltr'><strong>in</strong></span> <span class='ocrx_word' id='word_1_280' title='bbox 653 2453 800 2516; x_wconf 81' lang='lat' dir='ltr'><strong>Abraham</strong></span> <span class='ocrx_word' id='word_1_281' title='bbox 824 2454 983 2532; x_wconf 84' lang='lat' dir='ltr'><strong>reperiens,</strong></span> <span class='ocrx_word' id='word_1_282' title='bbox 1012 2449 1133 2509; x_wconf 88' lang='lat' dir='ltr'><strong>homine</strong></span> <span class='ocrx_word' id='word_1_283' title='bbox 1156 2443 1252 2524; x_wconf 75' lang='lat' dir='ltr'><strong>iguobrh</strong></span> <span class='ocrx_word' id='word_1_284' title='bbox 1271 2455 1294 2498; x_wconf 85' lang='lat' dir='ltr'><strong>ac</strong></span> <span class='ocrx_word' id='word_1_285' title='bbox 1332 2499 1333 2520; x_wconf 47' lang='lat'><strong>,</strong></span> 
     </span>
    </p>
   </div>
   <div class='ocr_carea' id='block_1_5' title="bbox 195 2521 1333 2752">
    <p class='ocr_par' dir='ltr' id='par_1_5' title="bbox 195 2521 1333 2752">
     <span class='ocr_line' id='line_1_29' title="bbox 195 2521 1296 2628; baseline -0.014 -30"><span class='ocrx_word' id='word_1_286' title='bbox 195 2531 299 2624; x_wconf 49' lang='lat' dir='ltr'><strong>misego</strong></span> <span class='ocrx_word' id='word_1_287' title='bbox 319 2531 476 2628; x_wconf 67' lang='lat' dir='ltr'><strong>idololatpa,</strong></span> <span class='ocrx_word' id='word_1_288' title='bbox 495 2555 562 2596; x_wconf 88' lang='lat' dir='ltr'><strong>eum</strong></span> <span class='ocrx_word' id='word_1_289' title='bbox 580 2541 677 2596; x_wconf 85' lang='lat' dir='ltr'><strong>tamen</strong></span> <span class='ocrx_word' id='word_1_290' title='bbox 695 2537 828 2596; x_wconf 73' lang='lat' dir='ltr'><strong>universo</strong></span> <span class='ocrx_word' id='word_1_291' title='bbox 847 2531 955 2592; x_wconf 90' lang='lat' dir='ltr'><strong>mundo</strong></span> <span class='ocrx_word' id='word_1_292' title='bbox 974 2530 1120 2626; x_wconf 81' lang='lat' dir='ltr'><strong>praetulit</strong></span> <span class='ocrx_word' id='word_1_293' title='bbox 1149 2525 1230 2620; x_wconf 69' lang='lat' dir='ltr'><strong>Porro</strong></span> <span class='ocrx_word' id='word_1_294' title='bbox 1244 2521 1296 2578; x_wconf 69' lang='lat' dir='ltr'><strong>batt</strong></span> 
     </span>
     <span class='ocr_line' id='line_1_30' title="bbox 196 2599 1333 2752; baseline -0.009 -83"><span class='ocrx_word' id='word_1_295' title='bbox 196 2607 297 2668; x_wconf 80' lang='lat' dir='ltr'><strong>electro</strong></span> <span class='ocrx_word' id='word_1_296' title='bbox 317 2615 399 2670; x_wconf 87' lang='lat' dir='ltr'><strong>erouh</strong></span> <span class='ocrx_word' id='word_1_297' title='bbox 418 2616 593 2674; x_wconf 84' lang='lat' dir='ltr'><strong>orreumcisio</strong></span> <span class='ocrx_word' id='word_1_298' title='bbox 613 2616 701 2675; x_wconf 87' lang='lat' dir='ltr'><strong>totius</strong></span> <span class='ocrx_word' id='word_1_299' title='bbox 718 2613 820 2752; x_wconf 88' lang='lat' dir='ltr'><strong>popnh</strong></span> <span class='ocrx_word' id='word_1_300' title='bbox 839 2629 999 2672; x_wconf 83' lang='lat' dir='ltr'><strong>commuuu</strong></span> <span class='ocrx_word' id='word_1_301' title='bbox 1017 2609 1083 2681; x_wconf 78' lang='lat' dir='ltr'><strong>fuit,</strong></span> <span class='ocrx_word' id='word_1_302' title='bbox 1105 2625 1163 2687; x_wconf 83' lang='lat' dir='ltr'><strong>qua</strong></span> <span class='ocrx_word' id='word_1_303' title='bbox 1181 2599 1296 2663; x_wconf 68' lang='lat' dir='ltr'><strong>aarum</strong></span> <span class='ocrx_word' id='word_1_304' title='bbox 1332 2653 1333 2686; x_wconf 47' lang='lat'><strong>,</strong></span> 
     </span>
    </p>
   </div>
   <div class='ocr_carea' id='block_1_6' title="bbox 137 2675 1300 4442">
    <p class='ocr_par' dir='ltr' id='par_1_6' title="bbox 137 2675 1295 3012">
     <span class='ocr_line' id='line_1_31' title="bbox 137 2675 1295 2771; baseline -0.002 -23"><span class='ocrx_word' id='word_1_305' title='bbox 137 2688 140 2697; x_wconf 88' lang='lat'>&#39;</span> <span class='ocrx_word' id='word_1_306' title='bbox 195 2685 329 2748; x_wconf 87' lang='lat' dir='ltr'><strong>Abrahae</strong></span> <span class='ocrx_word' id='word_1_307' title='bbox 348 2707 443 2750; x_wconf 84' lang='lat' dir='ltr'><strong>semen</strong></span> <span class='ocrx_word' id='word_1_308' title='bbox 463 2695 623 2771; x_wconf 85' lang='lat' dir='ltr'><strong>cooptavit,</strong></span> <span class='ocrx_word' id='word_1_309' title='bbox 649 2694 699 2753; x_wconf 86' lang='lat' dir='ltr'><strong>sed</strong></span> <span class='ocrx_word' id='word_1_310' title='bbox 732 2695 774 2752; x_wconf 91' lang='lat' dir='ltr'><strong>uit</strong></span> <span class='ocrx_word' id='word_1_311' title='bbox 792 2693 891 2752; x_wconf 83' lang='lat' dir='ltr'><strong>Altera</strong></span> <span class='ocrx_word' id='word_1_312' title='bbox 911 2708 1028 2770; x_wconf 88' lang='lat' dir='ltr'><strong>quoque</strong></span> <span class='ocrx_word' id='word_1_313' title='bbox 1048 2688 1153 2748; x_wconf 73' lang='lat' dir='ltr'><strong>elcrrtio</strong></span> <span class='ocrx_word' id='word_1_314' title='bbox 1172 2683 1249 2760; x_wconf 67' lang='lat' dir='ltr'><strong>uragb</strong></span> <span class='ocrx_word' id='word_1_315' title='bbox 1262 2675 1295 2736; x_wconf 62' lang='lat' dir='ltr'><strong>ab</strong></span> 
     </span>
     <span class='ocr_line' id='line_1_32' title="bbox 195 2765 1294 2850; baseline -0.003 -24"><span class='ocrx_word' id='word_1_316' title='bbox 195 2765 337 2840; x_wconf 84' lang='lat' dir='ltr'><strong>scandite,</strong></span> <span class='ocrx_word' id='word_1_317' title='bbox 362 2787 419 2845; x_wconf 86' lang='lat' dir='ltr'><strong>qua</strong></span> <span class='ocrx_word' id='word_1_318' title='bbox 441 2767 495 2828; x_wconf 84' lang='lat' dir='ltr'><strong>sibi</strong></span> <span class='ocrx_word' id='word_1_319' title='bbox 519 2790 556 2830; x_wconf 84' lang='lat' dir='ltr'><strong>ex</strong></span> <span class='ocrx_word' id='word_1_320' title='bbox 581 2773 679 2832; x_wconf 83' lang='lat' dir='ltr'><strong>multis</strong></span> <span class='ocrx_word' id='word_1_321' title='bbox 697 2772 830 2832; x_wconf 77' lang='lat' dir='ltr'><strong>Abrahae</strong></span> <span class='ocrx_word' id='word_1_322' title='bbox 853 2771 918 2830; x_wconf 84' lang='lat' dir='ltr'><strong>titiis</strong></span> <span class='ocrx_word' id='word_1_323' title='bbox 942 2787 1050 2850; x_wconf 87' lang='lat' dir='ltr'><strong>paucos</strong></span> <span class='ocrx_word' id='word_1_324' title='bbox 1071 2765 1156 2826; x_wconf 86' lang='lat' dir='ltr'><strong>Dens</strong></span> <span class='ocrx_word' id='word_1_325' title='bbox 1179 2775 1294 2824; x_wconf 59' lang='grc' dir='ltr'>κωπίω</span> 
     </span>
     <span class='ocr_line' id='line_1_33' title="bbox 195 2844 1295 2931; baseline 0.004 -29"><span class='ocrx_word' id='word_1_326' title='bbox 195 2849 331 2914; x_wconf 79' lang='lat' dir='ltr'><strong>testatum</strong></span> <span class='ocrx_word' id='word_1_327' title='bbox 350 2845 432 2923; x_wconf 81' lang='lat' dir='ltr'><strong>iecit,</strong></span> <span class='ocrx_word' id='word_1_328' title='bbox 461 2869 519 2909; x_wconf 87' lang='lat' dir='ltr'><strong>non</strong></span> <span class='ocrx_word' id='word_1_329' title='bbox 544 2871 642 2912; x_wconf 82' lang='lat' dir='ltr'><strong>omnes</strong></span> <span class='ocrx_word' id='word_1_330' title='bbox 662 2852 713 2931; x_wconf 83' lang='lat' dir='ltr'><strong>qui</strong></span> <span class='ocrx_word' id='word_1_331' title='bbox 731 2851 889 2912; x_wconf 87' lang='lat' dir='ltr'><strong>secundnm</strong></span> <span class='ocrx_word' id='word_1_332' title='bbox 908 2867 1023 2910; x_wconf 83' lang='lat' dir='ltr'><strong>earnem</strong></span> <span class='ocrx_word' id='word_1_333' title='bbox 1042 2844 1188 2928; x_wconf 70' lang='lat' dir='ltr'><strong>progeniti</strong></span> <span class='ocrx_word' id='word_1_334' title='bbox 1204 2845 1260 2900; x_wconf 70' lang='lat' dir='ltr'><strong>aaut</strong></span> <span class='ocrx_word' id='word_1_335' title='bbox 1271 2853 1295 2894; x_wconf 65' lang='grc' dir='ltr'>ὓ</span> 
     </span>
     <span class='ocr_line' id='line_1_34' title="bbox 195 2919 807 3012; baseline 0.011 -29"><span class='ocrx_word' id='word_1_336' title='bbox 195 2919 341 2984; x_wconf 74' lang='lat' dir='ltr'><strong>namnam</strong></span> <span class='ocrx_word' id='word_1_337' title='bbox 359 2926 389 2986; x_wconf 93' lang='lat' dir='ltr'><strong>in</strong></span> <span class='ocrx_word' id='word_1_338' title='bbox 409 2929 547 3008; x_wconf 87' lang='lat' dir='ltr'><strong>spirituali</strong></span> <span class='ocrx_word' id='word_1_339' title='bbox 567 2949 671 3012; x_wconf 75' lang='lat' dir='ltr'><strong>genere</strong></span> <span class='ocrx_word' id='word_1_340' title='bbox 689 2932 807 2992; x_wconf 88' lang='lat' dir='ltr'><strong>censeri.</strong></span> 
     </span>
    </p>

    <p class='ocr_par' dir='ltr' id='par_1_7' title="bbox 195 2995 1300 4096">
     <span class='ocr_line' id='line_1_35' title="bbox 275 2995 1296 3093; baseline -0.002 -28"><span class='ocrx_word' id='word_1_341' title='bbox 275 3007 426 3086; x_wconf 77' lang='lat' dir='ltr'><strong>Populum</strong></span> <span class='ocrx_word' id='word_1_342' title='bbox 443 3011 557 3070; x_wconf 62' lang='lat' dir='ltr'><strong>aarum.</strong></span> <span class='ocrx_word' id='word_1_343' title='bbox 597 3009 742 3092; x_wconf 85' lang='lat' dir='ltr'><strong>Quicquid</strong></span> <span class='ocrx_word' id='word_1_344' title='bbox 766 3015 866 3093; x_wconf 86' lang='lat' dir='ltr'><strong>postea</strong></span> <span class='ocrx_word' id='word_1_345' title='bbox 884 3006 1087 3070; x_wconf 85' lang='lat' dir='ltr'><strong>beneficiorum</strong></span> <span class='ocrx_word' id='word_1_346' title='bbox 1107 3001 1227 3066; x_wconf 79' lang='lat' dir='ltr'><strong>contulit</strong></span> <span class='ocrx_word' id='word_1_347' title='bbox 1241 2995 1296 3056; x_wconf 60' lang='lat' dir='ltr'><strong>Dm</strong></span> 
     </span>
     <span class='ocr_line' id='line_1_36' title="bbox 196 3077 1295 3169; baseline 0.014 -25"><span class='ocrx_word' id='word_1_348' title='bbox 196 3083 227 3144; x_wconf 89' lang='lat' dir='ltr'><strong>iu</strong></span> <span class='ocrx_word' id='word_1_349' title='bbox 251 3083 385 3160; x_wconf 85' lang='lat' dir='ltr'><strong>ludaeos,</strong></span> <span class='ocrx_word' id='word_1_350' title='bbox 414 3105 452 3147; x_wconf 89' lang='lat' dir='ltr'><strong>ex</strong></span> <span class='ocrx_word' id='word_1_351' title='bbox 474 3088 524 3148; x_wconf 88' lang='lat' dir='ltr'><strong>iilo</strong></span> <span class='ocrx_word' id='word_1_352' title='bbox 549 3091 672 3168; x_wconf 80' lang='lat' dir='ltr'><strong>gratuito</strong></span> <span class='ocrx_word' id='word_1_353' title='bbox 695 3090 808 3164; x_wconf 80' lang='lat' dir='ltr'><strong>favore,</strong></span> <span class='ocrx_word' id='word_1_354' title='bbox 837 3109 895 3169; x_wconf 90' lang='lat' dir='ltr'><strong>quo</strong></span> <span class='ocrx_word' id='word_1_355' title='bbox 920 3094 1015 3168; x_wconf 68' lang='lat' dir='ltr'><strong>patrea</strong></span> <span class='ocrx_word' id='word_1_356' title='bbox 1039 3105 1145 3146; x_wconf 71' lang='lat' dir='ltr'><strong>comm</strong></span> <span class='ocrx_word' id='word_1_357' title='bbox 1165 3077 1295 3164; x_wconf 56' lang='lat' dir='ltr'><strong>mim.</strong></span> 
     </span>
     <span class='ocr_line' id='line_1_37' title="bbox 195 3153 1297 3240; baseline 0.001 -18"><span class='ocrx_word' id='word_1_358' title='bbox 195 3161 296 3238; x_wconf 85' lang='lat' dir='ltr'><strong>hrerat,</strong></span> <span class='ocrx_word' id='word_1_359' title='bbox 316 3163 422 3227; x_wconf 87' lang='lat' dir='ltr'><strong>Paulus</strong></span> <span class='ocrx_word' id='word_1_360' title='bbox 441 3185 570 3229; x_wconf 90' lang='lat' dir='ltr'><strong>manasse</strong></span> <span class='ocrx_word' id='word_1_361' title='bbox 590 3171 681 3230; x_wconf 87' lang='lat' dir='ltr'><strong>docet.</strong></span> <span class='ocrx_word' id='word_1_362' title='bbox 701 3169 780 3229; x_wconf 88' lang='lat' dir='ltr'><strong>Haeo</strong></span> <span class='ocrx_word' id='word_1_363' title='bbox 798 3169 873 3229; x_wconf 89' lang='lat' dir='ltr'><strong>enim</strong></span> <span class='ocrx_word' id='word_1_364' title='bbox 893 3185 979 3228; x_wconf 86' lang='lat' dir='ltr'><strong>causa</strong></span> <span class='ocrx_word' id='word_1_365' title='bbox 997 3171 1049 3240; x_wconf 81' lang='lat' dir='ltr'><strong>est,</strong></span> <span class='ocrx_word' id='word_1_366' title='bbox 1069 3183 1124 3224; x_wconf 89' lang='lat' dir='ltr'><strong>cur</strong></span> <span class='ocrx_word' id='word_1_367' title='bbox 1138 3153 1297 3224; x_wconf 68' lang='lat' dir='ltr'><strong>mantilia</strong></span> 
     </span>
     <span class='ocr_line' id='line_1_38' title="bbox 196 3231 1297 3328; baseline -0.004 -24"><span class='ocrx_word' id='word_1_368' title='bbox 196 3241 302 3304; x_wconf 83' lang='lat' dir='ltr'><strong>virtute</strong></span> <span class='ocrx_word' id='word_1_369' title='bbox 325 3243 477 3326; x_wconf 80' lang='lat' dir='ltr'><strong>redempti,</strong></span> <span class='ocrx_word' id='word_1_370' title='bbox 500 3255 531 3308; x_wconf 90' lang='lat' dir='ltr'><strong>et</strong></span> <span class='ocrx_word' id='word_1_371' title='bbox 552 3249 614 3310; x_wconf 86' lang='lat' dir='ltr'><strong>eius</strong></span> <span class='ocrx_word' id='word_1_372' title='bbox 637 3269 725 3310; x_wconf 89' lang='lat' dir='ltr'><strong>manu</strong></span> <span class='ocrx_word' id='word_1_373' title='bbox 749 3250 778 3308; x_wconf 92' lang='lat' dir='ltr'><strong>in</strong></span> <span class='ocrx_word' id='word_1_374' title='bbox 803 3247 1010 3328; x_wconf 86' lang='lat' dir='ltr'><strong>possessionem</strong></span> <span class='ocrx_word' id='word_1_375' title='bbox 1029 3251 1126 3304; x_wconf 87' lang='lat' dir='ltr'><strong>terrae</strong></span> <span class='ocrx_word' id='word_1_376' title='bbox 1147 3241 1251 3302; x_wconf 68' lang='lat' dir='ltr'><strong>&amp;nasa</strong></span> <span class='ocrx_word' id='word_1_377' title='bbox 1265 3231 1297 3292; x_wconf 69' lang='lat' dir='ltr'><strong>th</strong></span> 
     </span>
     <span class='ocr_line' id='line_1_39' title="bbox 196 3314 1298 3407; baseline 0.005 -27"><span class='ocrx_word' id='word_1_378' title='bbox 196 3319 274 3382; x_wconf 86' lang='lat' dir='ltr'><strong>ducti</strong></span> <span class='ocrx_word' id='word_1_379' title='bbox 292 3321 398 3384; x_wconf 81' lang='lat' dir='ltr'><strong>fuerint</strong></span> <span class='ocrx_word' id='word_1_380' title='bbox 416 3331 462 3385; x_wconf 92' lang='lat' dir='ltr'><strong>tot</strong></span> <span class='ocrx_word' id='word_1_381' title='bbox 479 3327 608 3407; x_wconf 76' lang='lat' dir='ltr'><strong>gentihus</strong></span> <span class='ocrx_word' id='word_1_382' title='bbox 627 3329 658 3388; x_wconf 90' lang='lat' dir='ltr'><strong>in</strong></span> <span class='ocrx_word' id='word_1_383' title='bbox 676 3347 779 3406; x_wconf 81' lang='lat' dir='ltr'><strong>eornm</strong></span> <span class='ocrx_word' id='word_1_384' title='bbox 798 3328 916 3406; x_wconf 72' lang='lat' dir='ltr'><strong>gratiam</strong></span> <span class='ocrx_word' id='word_1_385' title='bbox 935 3326 1103 3406; x_wconf 74' lang='lat' dir='ltr'><strong>profligatis.</strong></span> <span class='ocrx_word' id='word_1_386' title='bbox 1132 3321 1230 3402; x_wconf 73' lang='lat' dir='ltr'><strong>Neque</strong></span> <span class='ocrx_word' id='word_1_387' title='bbox 1244 3314 1298 3374; x_wconf 56' lang='lat' dir='ltr'><strong>mhi</strong></span> 
     </span>
     <span class='ocr_line' id='line_1_40' title="bbox 195 3397 1297 3488; baseline 0 -26"><span class='ocrx_word' id='word_1_388' title='bbox 195 3419 243 3462; x_wconf 86' lang='lat' dir='ltr'><strong>rea</strong></span> <span class='ocrx_word' id='word_1_389' title='bbox 263 3401 387 3485; x_wconf 80' lang='lat' dir='ltr'><strong>vulgaris</strong></span> <span class='ocrx_word' id='word_1_390' title='bbox 405 3403 469 3480; x_wconf 81' lang='lat' dir='ltr'><strong>suit,</strong></span> <span class='ocrx_word' id='word_1_391' title='bbox 488 3413 595 3468; x_wconf 85' lang='lat' dir='ltr'><strong>terram</strong></span> <span class='ocrx_word' id='word_1_392' title='bbox 614 3408 672 3469; x_wconf 86' lang='lat' dir='ltr'><strong>suis</strong></span> <span class='ocrx_word' id='word_1_393' title='bbox 690 3408 828 3488; x_wconf 78' lang='lat' dir='ltr'><strong>indigenis</strong></span> <span class='ocrx_word' id='word_1_394' title='bbox 847 3405 942 3466; x_wconf 86' lang='lat' dir='ltr'><strong>orbari</strong></span> <span class='ocrx_word' id='word_1_395' title='bbox 961 3411 994 3464; x_wconf 94' lang='lat' dir='ltr'><strong>ut</strong></span> <span class='ocrx_word' id='word_1_396' title='bbox 1002 3405 1160 3483; x_wconf 81' lang='lat' dir='ltr'><strong>inquilinos</strong></span> <span class='ocrx_word' id='word_1_397' title='bbox 1173 3397 1297 3478; x_wconf 56' lang='lat' dir='ltr'><strong>easipflffl</strong></span> 
     </span>
     <span class='ocr_line' id='line_1_41' title="bbox 195 3474 1296 3566; baseline -0.001 -25"><span class='ocrx_word' id='word_1_398' title='bbox 195 3479 268 3542; x_wconf 82' lang='lat' dir='ltr'><strong>baec</strong></span> <span class='ocrx_word' id='word_1_399' title='bbox 295 3485 438 3566; x_wconf 74' lang='lat' dir='ltr'><strong>scaturigo</strong></span> <span class='ocrx_word' id='word_1_400' title='bbox 467 3491 559 3546; x_wconf 87' lang='lat' dir='ltr'><strong>estet</strong></span> <span class='ocrx_word' id='word_1_401' title='bbox 577 3487 660 3551; x_wconf 77' lang='lat' dir='ltr'><strong>radix</strong></span> <span class='ocrx_word' id='word_1_402' title='bbox 678 3485 819 3548; x_wconf 87' lang='lat' dir='ltr'><strong>honorum</strong></span> <span class='ocrx_word' id='word_1_403' title='bbox 839 3486 981 3556; x_wconf 87' lang='lat' dir='ltr'><strong>omnium,</strong></span> <span class='ocrx_word' id='word_1_404' title='bbox 1009 3481 1156 3563; x_wconf 84' lang='lat' dir='ltr'><strong>adquam</strong></span> <span class='ocrx_word' id='word_1_405' title='bbox 1182 3497 1231 3540; x_wconf 80' lang='lat' dir='ltr'><strong>uas</strong></span> <span class='ocrx_word' id='word_1_406' title='bbox 1246 3474 1296 3564; x_wconf 57' lang='lat' dir='ltr'><strong>Pht</strong></span> 
     </span>
     <span class='ocr_line' id='line_1_42' title="bbox 196 3553 1298 3646; baseline 0.002 -30"><span class='ocrx_word' id='word_1_407' title='bbox 196 3557 243 3618; x_wconf 89' lang='lat' dir='ltr'><strong>lus</strong></span> <span class='ocrx_word' id='word_1_408' title='bbox 262 3569 361 3637; x_wconf 81' lang='lat' dir='ltr'><strong>vocat,</strong></span> <span class='ocrx_word' id='word_1_409' title='bbox 380 3564 460 3644; x_wconf 89' lang='lat' dir='ltr'><strong>qnod</strong></span> <span class='ocrx_word' id='word_1_410' title='bbox 478 3561 560 3628; x_wconf 86' lang='lat' dir='ltr'><strong>Deus</strong></span> <span class='ocrx_word' id='word_1_411' title='bbox 579 3573 673 3646; x_wconf 83' lang='lat' dir='ltr'><strong>patres</strong></span> <span class='ocrx_word' id='word_1_412' title='bbox 692 3565 790 3644; x_wconf 80' lang='lat' dir='ltr'><strong>etegit:</strong></span> <span class='ocrx_word' id='word_1_413' title='bbox 815 3563 886 3624; x_wconf 87' lang='lat' dir='ltr'><strong>hacc</strong></span> <span class='ocrx_word' id='word_1_414' title='bbox 904 3562 1004 3642; x_wconf 81' lang='lat' dir='ltr'><strong>eadem</strong></span> <span class='ocrx_word' id='word_1_415' title='bbox 1021 3559 1086 3620; x_wconf 66' lang='lat' dir='ltr'><strong>init*</strong></span> <span class='ocrx_word' id='word_1_416' title='bbox 1097 3559 1164 3620; x_wconf 84' lang='lat' dir='ltr'><strong>Deo</strong></span> <span class='ocrx_word' id='word_1_417' title='bbox 1182 3553 1298 3618; x_wconf 57' lang='grc' dir='ltr'><em>Μ</em></span> 
     </span>
     <span class='ocr_line' id='line_1_43' title="bbox 196 3635 1298 3740; baseline 0 -38"><span class='ocrx_word' id='word_1_418' title='bbox 196 3637 232 3702; x_wconf 80' lang='lat' dir='ltr'><strong>lia</strong></span> <span class='ocrx_word' id='word_1_419' title='bbox 251 3639 533 3740; x_wconf 42' lang='lat' dir='ltr'><strong>taluautiae&#39;musa,</strong></span> <span class='ocrx_word' id='word_1_420' title='bbox 558 3663 596 3740; x_wconf 73' lang='lat' dir='ltr'><strong>ue</strong></span> <span class='ocrx_word' id='word_1_421' title='bbox 620 3643 755 3739; x_wconf 79' lang='lat' dir='ltr'><strong>rebellem</strong></span> <span class='ocrx_word' id='word_1_422' title='bbox 774 3643 856 3740; x_wconf 69' lang='lat' dir='ltr'><strong>illum</strong></span> <span class='ocrx_word' id='word_1_423' title='bbox 876 3641 1018 3738; x_wconf 74' lang='lat' dir='ltr'><strong>populum</strong></span> <span class='ocrx_word' id='word_1_424' title='bbox 1037 3639 1189 3736; x_wconf 66' lang='lat' dir='ltr'><strong>obiiceret,</strong></span> <span class='ocrx_word' id='word_1_425' title='bbox 1207 3635 1249 3716; x_wconf 71' lang='lat' dir='ltr'><strong>qui</strong></span> <span class='ocrx_word' id='word_1_426' title='bbox 1264 3645 1298 3689; x_wconf 79' lang='lat'><strong>¹¹¹</strong></span> 
     </span>
     <span class='ocr_line' id='line_1_44' title="bbox 195 3717 1300 3882; baseline -0.003 -24"><span class='ocrx_word' id='word_1_427' title='bbox 195 3721 651 3874; x_wconf 46' lang='lat' dir='ltr'><strong>atteteritur}</strong></span> <span class='ocrx_word' id='word_1_428' title='bbox 670 3717 1300 3882; x_wconf 53' lang='lat' dir='ltr'><strong>iihffliiimdffididihiffi</strong></span> 
     </span>
     <span class='ocr_line' id='line_1_45' title="bbox 196 3870 1299 3962; baseline 0.003 -26"><span class='ocrx_word' id='word_1_429' title='bbox 196 3878 242 3936; x_wconf 85' lang='lat' dir='ltr'><strong>aui</strong></span> <span class='ocrx_word' id='word_1_430' title='bbox 260 3897 416 3940; x_wconf 87' lang='lat' dir='ltr'><strong>memorem</strong></span> <span class='ocrx_word' id='word_1_431' title='bbox 434 3881 528 3943; x_wconf 84' lang='lat' dir='ltr'><strong>fuisse</strong></span> <span class='ocrx_word' id='word_1_432' title='bbox 569 3883 647 3944; x_wconf 85' lang='lat' dir='ltr'><strong>Dicit</strong></span> <span class='ocrx_word' id='word_1_433' title='bbox 666 3891 699 3945; x_wconf 77' lang='lat' dir='ltr'><strong>io</strong></span> <span class='ocrx_word' id='word_1_434' title='bbox 717 3885 811 3944; x_wconf 57' lang='lat' dir='ltr'><strong>duos</strong></span> <span class='ocrx_word' id='word_1_435' title='bbox 828 3890 938 3943; x_wconf 74' lang='lat' dir='ltr'><strong>mustos</strong></span> <span class='ocrx_word' id='word_1_436' title='bbox 951 3881 1065 3962; x_wconf 66' lang='lat' dir='ltr'><strong>fauce,</strong></span> <span class='ocrx_word' id='word_1_437' title='bbox 1089 3897 1180 3960; x_wconf 82' lang='lat' dir='ltr'><strong>quum</strong></span> <span class='ocrx_word' id='word_1_438' title='bbox 1198 3870 1299 3956; x_wconf 72' lang='lat' dir='ltr'><strong>inquiat</strong></span> 
     </span>
     <span class='ocr_line' id='line_1_46' title="bbox 195 3945 1298 4096; baseline -0.003 -75"><span class='ocrx_word' id='word_1_439' title='bbox 195 3963 306 4096; x_wconf 54' lang='lat' dir='ltr'><strong>mg</strong></span> <span class='ocrx_word' id='word_1_440' title='bbox 331 3967 365 4021; x_wconf 90' lang='lat' dir='ltr'><strong>ut</strong></span> <span class='ocrx_word' id='word_1_441' title='bbox 382 3963 518 4022; x_wconf 85' lang='lat' dir='ltr'><strong>memoria</strong></span> <span class='ocrx_word' id='word_1_442' title='bbox 536 3969 679 4044; x_wconf 86' lang='lat' dir='ltr'><strong>repetant,</strong></span> <span class='ocrx_word' id='word_1_443' title='bbox 703 3981 791 4044; x_wconf 84' lang='lat' dir='ltr'><strong>quam</strong></span> <span class='ocrx_word' id='word_1_444' title='bbox 810 3957 959 4042; x_wconf 71' lang='lat' dir='ltr'><strong>magnifica</strong></span> <span class='ocrx_word' id='word_1_445' title='bbox 977 3959 1063 4020; x_wconf 86' lang='lat' dir='ltr'><strong>inerit</strong></span> <span class='ocrx_word' id='word_1_446' title='bbox 1081 3965 1114 4019; x_wconf 89' lang='lat' dir='ltr'><strong>et</strong></span> <span class='ocrx_word' id='word_1_447' title='bbox 1131 3945 1298 4040; x_wconf 66' lang='lat' dir='ltr'><strong>splendidi</strong></span> 
     </span>
    </p>

    <p class='ocr_par' dir='ltr' id='par_1_8' title="bbox 197 4107 1300 4442">
     <span class='ocr_line' id='line_1_47' title="bbox 261 4107 1298 4210; baseline -0.001 -32"><span class='ocrx_word' id='word_1_448' title='bbox 261 4120 327 4206; x_wconf 39' lang='lat'><strong>⁸18.</strong></span> <span class='ocrx_word' id='word_1_449' title='bbox 364 4120 472 4181; x_wconf 81' lang='lat' dir='ltr'><strong>Mem</strong></span> <span class='ocrx_word' id='word_1_450' title='bbox 489 4143 591 4182; x_wconf 74' lang='lat' dir='ltr'><strong>emor</strong></span> <span class='ocrx_word' id='word_1_451' title='bbox 608 4123 686 4184; x_wconf 63' lang='lat' dir='ltr'><strong>tntu.</strong></span> <span class='ocrx_word' id='word_1_452' title='bbox 731 4121 839 4182; x_wconf 84' lang='lat' dir='ltr'><strong>Graece</strong></span> <span class='ocrx_word' id='word_1_453' title='bbox 862 4120 1001 4181; x_wconf 88' lang='lat' dir='ltr'><strong>maiorem</strong></span> <span class='ocrx_word' id='word_1_454' title='bbox 1026 4115 1114 4179; x_wconf 86' lang='lat' dir='ltr'><strong>hahet</strong></span> <span class='ocrx_word' id='word_1_455' title='bbox 1130 4107 1298 4210; x_wconf 54' lang='lat' dir='ltr'><strong>emphatica*</strong></span> 
     </span>
     <span class='ocr_line' id='line_1_48' title="bbox 197 4193 1300 4351; baseline -0.017 0"><span class='ocrx_word' id='word_1_456' title='bbox 197 4193 877 4351; x_wconf 55' lang='lat' dir='ltr'><strong>ttr‘trtthruumaaatt</strong></span> <span class='ocrx_word' id='word_1_457' title='bbox 899 4193 1300 4338; x_wconf 58' lang='lat' dir='ltr'><strong>bauhtedun</strong></span> 
     </span>
     <span class='ocr_line' id='line_1_49' title="bbox 198 4297 1300 4442; baseline -0.002 -28"><span class='ocrx_word' id='word_1_458' title='bbox 198 4346 428 4428; x_wconf 65' lang='lat' dir='ltr'><strong>(hamoodoew</strong></span> <span class='ocrx_word' id='word_1_459' title='bbox 445 4297 763 4442; x_wconf 42' lang='lat' dir='ltr'><strong>edbdgtbbmsiguificat</strong></span> <span class='ocrx_word' id='word_1_460' title='bbox 790 4363 886 4438; x_wconf 75' lang='lat' dir='ltr'><strong>autem</strong></span> <span class='ocrx_word' id='word_1_461' title='bbox 909 4297 1161 4430; x_wconf 60' lang='lat' dir='ltr'><strong>iterumgPaulm,</strong></span> <span class='ocrx_word' id='word_1_462' title='bbox 1187 4353 1218 4414; x_wconf 90' lang='lat' dir='ltr'><strong>iu</strong></span> <span class='ocrx_word' id='word_1_463' title='bbox 1236 4359 1300 4412; x_wconf 66' lang='lat' dir='ltr'><strong>cstat</strong></span> 
     </span>
    </p>
   </div>
   <div class='ocr_carea' id='block_1_7' title="bbox 0 0 1384 4856">
    <p class='ocr_par' dir='ltr' id='par_1_9' title="bbox 0 0 1384 4856">
     <span class='ocr_line' id='line_1_50' title="bbox 0 0 1384 4856; baseline 0 0"><span class='ocrx_word' id='word_1_464' title='bbox 0 0 1384 4856; x_wconf 95' lang='lat' dir='ltr'><strong> </strong></span> 
     </span>
    </p>
   </div>
  </div>
 </body>
</html>
