2700 4844
455 199 586 266 carot
603 199 741 266 xxvur
1106 205 1165 269 487

57 313 268 406 Hierosolymis
294 313 426 382 traditus
451 335 524 382 suna
547 315 583 384 in
599 331 725 384 ‘manus
745 314 981 386 Romanommr
1020 317 1078 385 18.
1100 317 1164 402 Qui

56 445 140 516 quum
160 421 406 502 examinassent,
438 420 608 490 voluerunt
629 446 682 490 me
704 421 876 512 dimittere,
908 447 947 492 eo
970 425 1057 514 quod
1077 423 1165 492 nulla

53 539 124 598 esset
149 525 378 598 causanmortis
404 526 438 592 in
460 550 522 600 me.
569 529 621 598 19.
644 529 710 603 Sed
731 529 1013 610 contradicentibus
1034 527 1165 612 ludaeis,

50 645 162 705 coaetus
183 655 262 699 sum·
278 629 436 722 appellare
459 617 641 718 Cssesarem,
668 658 735 701 non
758 637 847 726 qnasi
868 635 1015 716 habeam,
1037 635 1076 701 de
1099 657 1164 724 quo

48 753 159 836 gentem
183 761 289 804 meam
318 759 472 804 accusem.
496 739 570 806 10.
592 738 727 831 Propter
747 740 830 808 hanc
852 739 944 834 igitur
966 765 1092 809 causam
1114 739 1164 806 ad-

48 843 146 916 vocavi
174 868 251 927 vos,
281 854 320 926 ut
345 841 485 912 viderem
514 856 545 912 et
572 845 757 936 alloquerer.
802 845 937 939 Propter
964 869 1056 939 spem
1078 846 1164 915 enim

45 952 151 1022 lsraelb
176 961 284 1020 eatena
306 949 365 1019 bac
385 949 593 1019 cirmmdatns
614 974 695 1022 sum.

117 1204 160 1266 15.
182 1209 278 1279 worn
301 1205 449 1266 audissent
469 1206 592 1285 fratres.
632 1205 763 1276 Fratrum
789 1226 910 1268 occursu
930 1205 1011 1267 Deus
1036 1206 1160 1264 animum

44 1281 120 1343 Pauli
146 1285 200 1343 iam
226 1283 329 1356 erexit,
359 1301 418 1364 quo
442 1284 562 1346 alaerim
589 1286 624 1345 ad
644 1285 790 1368 Evangelii
815 1288 1006 1348 defensionem
1027 1303 1162 1365 propera·

42 1370 92 1424 ret
137 1359 265 1420 Fratrum
294 1369 390 1422 antem
419 1364 496 1425 aelus
526 1373 555 1424 et
584 1369 631 1446 pia
662 1367 824 1426 sollicitudo
855 1387 885 1425 se
902 1368 949 1426 'in
979 1383 1015 1423 en
1044 1363 1162 1444 profert,

42 1441 114 1522 quod
132 1441 164 1500 de
185 1440 265 1500 Pauli
285 1439 409 1501 adventu
428 1443 456 1500 in
477 1445 576 1502 nirunt'
594 1451 624 1503 et
643 1452 748 1505 exeunt
767 1445 808 1505 illi
828 1446 951 1505 obviam.
986 1443 1067 1502 'Fons
1087 1443 1163 1501 eninr
1212 1451 1217 1462 “

40 1521 120 1582 tidem
138 1519 324 1580 Constiannm
343 1519 470 1599 profiteri
489 1543 547 1580 non
568 1524 697 1583 odiosum
717 1525 803 1584 modo
823 1532 892 1596 erat,
914 1525 962 1583 ssd
982 1525 1058 1581 vitae
1077 1525 1162 1580 etiam

39 1601 188 1739 periculum
207 1601 264 1658 illis
283 1606 396 1680 poterat
415 1618 520 1660 meare
546 1599 605 1659 Nee
624 1603 767 1681 privatum
788 1603 938 1662 discrimen
958 1610 1069 1662 tantum
1089 1599 1162 1658 subi·

58 1686 104 1738 ant
130 1679 212 1758 pauci
236 1677 380 1752 homines,
409 1679 477 1758 quio
500 1681 530 1738 in
555 1687 643 1738 totam
664 1680 818 1740 Ecclesiam
842 1681 1018 1740 redundabat
1042 1679 1162 1740 invidia:

39 1759 87 1818 sed
114 1758 182 1819 nibil
210 1758 265 1818 illis
287 1758 378 1838 pluris
403 1764 446 1818 est
470 1776 556 1837 quam
577 1759 716 1834 ollloium,
746 1759 792 1818 eui
812 1760 873 1818 sine
893 1763 968 1837 turpi
988 1761 1115 1836 ignaviae
1134 1763 1164 1816 et

37 1837 238 1918 ingratitudinis
262 1844 330 1897 nota
351 1837 447 1897 deesse
466 1849 524 1896 non
545 1845 683 1918 poterant.
722 1836 845 1896 Tantum
866 1837 972 1896 Christi
992 1837 1163 1915 Apostolum

35 1917 172 1998 negligere
190 1917 316 1976 immane
333 1917 440 1988 luisset,
460 1920 624 1996 praesertim
644 1939 697 1998 pro
712 1919 855 1976 communi
873 1917 963 1976 salute
977 1916 1161 1975 laborantem.

35 1999 133 2077 Quum
151 2015 220 2056 vero
240 1998 295 2054 iam
315 1996 444 2092 priusad
456 2015 507 2092 eos
526 1998 691 2082 scripsisset,
711 1998 844 2082 ultroque
857 1997 913 2058 illis
928 1996 1074 2092 detulisset
1083 2013 1163 2088 snam

33 2074 1164 2236 ttf‘ttntttlttttottlltttttttttlt'ttttlttttt

32 2245 63 2296 et
83 2237 170 2316 magis
195 2251 345 2293 aneenanm
364 2234 418 2293 luit
437 2233 519 2294 Pnull
539 2235 678 2309 studium,
704 2235 781 2315 qnod
802 2253 870 2296 suae
889 2235 1063 2294 constantiae
1082 2251 1162 2312 para·

30 2324 94 2376 tum
113 2311 175 2374 esse
194 2315 319 2388 fructum
339 2322 474 2373 eerneret.
496 2311 670 2394 Quanquam
689 2317 764 2375 enim
783 2315 887 2374 invicto
906 2313 1161 2392 fortitudineprae-

31 2397 108 2455 ditus
128 2399 204 2468 erat,
234 2399 267 2450 ut
292 2392 328 2488 ab
349 2392 477 2451 humanis
496 2393 626 2454 subsidiis
646 2395 761 2454 minime
780 2395 928 2474 penderet,
957 2392 1039 2452 Deus
1058 2399 1162 2464 tamen,

27 2470 648 2630 stetitpltttttttttt,ttt
663 2473 835 2626 ttttlj
850 2471 1162 2632 tttttrlttsttt

28 2638 60 2704 4,
81 2632 143 2707 16.)
162 2631 353 2709 conqueritur,
372 2637 467 2691 tamnu
487 2633 613 2692 animum
634 2635 748 2692 minime
767 2631 925 2714 despondit,
946 2633 996 2692 aod
1015 2629 1161 2691 suberi·

26 2713 65 2770 sti
85 2709 217 2790 auspiciis
235 2729 293 2769 nnn
310 2713 403 2771 minus
421 2712 535 2771 sortiter
554 2721 585 2772 et
601 2715 740 2794 intrepide
759 2713 898 2786 militavit,
918 2729 1004 2791 ιῐιιιιιι
1024 2712 1047 2770 si
1067 2711 1162 2788 ingen-

26 2800 71 2851 tes
91 2791 188 2870 copias
207 2808 303 2850 seeum
324 2791 355 2850 ia
374 2793 512 2873 proelium
533 2793 666 2854 duxisset.
693 2791 799 2852 Verum
818 2801 886 2852 tone
905 2811 1021 2872 quoque
1039 2790 1075 2850 ad
1094 2809 1161 2848 eum

26 2870 202 2930 incitandum
221 2871 328 2950 proluit
348 2871 431 2932 boios
452 2891 586 2930 occursus
605 2876 755 2946 memoria,
779 2893 869 2952 quum
889 2877 1035 2950 reputaret
1053 2869 1159 2930 multos

26 2969 88 3009 esse
107 2951 173 3028 pios
192 2949 293 3009 iratres
303 2950 421 3019 Romae,
440 2951 490 3008 sed
509 2951 647 3024 inliimos,
668 2951 771 3030 quibus
790 2951 938 3010 lrrleiendis
959 2953 1061 3008 missus
1076 2949 1159 3006 soret.

26 3031 57 3087 ln
84 3031 244 3106 praesentia
269 3049 338 3087 sero
364 3049 422 3088 non
446 3036 489 3087 est
516 3031 593 3107 qnod
618 3031 767 3100 miremur,
796 3026 917 3088 Paulum
942 3029 1010 3086 visis
1028 3026 1160 3088 fratribus

26 3107 185 3185 sumpsisse
212 3106 358 3180 fiduciam,
392 3107 468 3185 quod
503 3107 568 3166 fidei
594 3107 800 3168 confessionem
825 3113 953 3186 speraret
976 3125 1037 3187 non.
1053 3101 1160 3242 parum

26 3187 202 3245 fructuosam
221 3185 291 3244 lore.
313 3183 434 3263 Quoties
453 3187 670 3266 anim-aliquem
690 3188 778 3246 servis
799 3187 856 3245 suis
876 3185 979 3245 laboris
999 3203 1050 3264 pro
1064 3191 1159 3243 ectum

26 3267 108 3326 Deus
135 3263 272 3336 ostendit,
302 3265 383 3344 quasi
407 3263 523 3326 admoto
548 3267 663 3327 stimulo
688 3285 738 3327 eos
757 3267 870 3341 incitat,
902 3270 937 3325 ut
955 3261 1116 3324 animosius
1129 3263 1160 3322 in

26 3365 114 3428 opere
134 3350 263 3424 pergant.
653 3375 660 3392 ι
954 3339 960 3356 “
1093 3395 1097 3406 ,
1263 3391 1266 3403 .

104 3427 155 3486 16.
185 3427 325 3484 castarte
352 3426 477 3485 tradidit
504 3427 624 3488 stneto's.
668 3425 815 3508 Significat
839 3423 943 3498 Lucas,
973 3424 1038 3504 plus
1062 3422 1161 3483 datum
1250 3427 1253 3432 '

27 3525 85 3566 esse
105 3503 202 3563 Paulo
227 3521 314 3582 quam
337 3503 463 3583 reliquis:
494 3507 604 3566 diversa
628 3508 703 3566 enim
723 3507 778 3564 luit
797 3514 825 3564 et
844 3505 993 3586 peculiaris
1013 3504 1073 3562 eins
1093 3521 1159 3561 con·

27 3587 101 3644 litio.
142 3582 411 3662 Permissumenim
430 3585 471 3643 illi
489 3587 544 3646 fuit
563 3605 629 3645 eum
648 3605 707 3646 one
727 3587 845 3646 camede
865 3585 999 3644 adiuncto
1019 3584 1047 3642 in
1066 3583 1161 3664 priva·

27 3667 56 3724 is
82 3665 206 3724 aedibus
231 3663 373 3737 habitare,
421 3683 489 3722 uum
514 3667 561 3724 alii
585 3668 614 3724 in
661 3665 784 3726 ublicsm
803 3665 960 3725 custodiam
979 3663 1080 3723 inclusi
1100 3661 1159 3720 lue·
1211 3711 1214 3722 .

27 3748 87 3802 int.
133 3742 211 3802 Nam
230 3761 268 3818 er
288 3741 362 3803 Festi
382 3685 473 3804 relatu
492 3745 628 3824 cognovit
671 3745 811 3806 raeleetus
831 3744 993 3814 Praetorio,
1012 3743 1083 3802 nulli
1103 3759 1160 3800 ma-

27 3823 117 3882 esicio
138 3823 256 3881 affinem
275 3841 337 3882 esse
357 3819 491 3896 Paulum,
514 3832 544 3884 et
563 3825 716 3899 Centurio,
739 3831 773 3884 nt
792 3825 937 3905 probabile
956 3829 1014 3896 est,
1039 3820 1162 3880 fideliter

27 3903 120 3960 ntulit
142 3921 219 3982 quae
238 3901 275 3960 ad
294 3901 500 3962 consiliandum
520 3904 561 3962 illi
581 3905 709 3964 levorem
729 3903 865 3964 valerent.
905 3901 1037 3962 Sciamus
1057 3905 1162 3972 tamen,

27 3983 119 4048 )eum
140 3999 159 4040 e
179 3981 261 4040 coelo
280 3979 456 4042 moderatum
475 4001 536 4042 esse
556 3986 630 4043 servi
649 3985 695 4043 soi
714 3983 837 4058 viricula,
855 4001 915 4042 non
935 3981 1029 4040 solum
1049 3986 1081 4039 ut
1100 3979 1162 4037 eius

27 4061 170 4120 nolestias
196 4059 318 4133 levaret,
349 4059 399 4120 sed
423 4067 457 4120 nt
480 4059 611 4122 fidelibus
635 4063 751 4123 liberior
774 4061 849 4122 foret
872 4061 908 4122 ad
934 4079 1000 4121 snm
1021 4077 1159 4119 secessus.

27 4140 125 4220 leque
157 4140 236 4199 enim
265 4138 331 4199 fidei
359 4141 420 4200 eius
445 4139 610 4202 thesaurum
632 4143 707 4202 intra
731 4143 851 4202 carceris
876 4141 1019 4221 angustias
1044 4139 1161 4199 constri-

27 4227 98 4278 tunr
126 4219 221 4280 teneri
245 4219 350 4296 voluit,
374 4218 424 4278 sed
448 4222 542 4302 palam
567 4223 746 4304 expositum,
770 4221 905 4316 utlonqe
924 4222 1037 4301 lateqno
1056 4219 1163 4280 multos

27 4299 136 4372 iteret,
179 4295 333 4360 Caeterum
351 4317 410 4361 nou
430 4299 471 4363 ita
489 4301 602 4363 laxatus
620 4299 793 4364 luitPanlus
811 4321 842 4362 m
861 4299 979 4364 liberam
993 4287 1162 4372 custodiam,

101 4405 105 4413 s
194 4430 196 4436 Ι
941 4403 952 4454 s
1107 4423 1108 4426 Ἴ
