2786 4866
165 268 232 331 ,1⁴2⁶
567 255 605 318 m
626 255 731 319 Ac're
751 252 905 316 Apost:

172 379 297 442 bitabat‘i
335 372 391 435 Res
413 370 904 454 oudeo,quopropriused1)eum
925 371 1088 448 ametimos,
1109 385 1205 457 prout
1214 381 1305 442 mator

173 459 247 521 iilius
267 457 356 538 gloria
375 395 418 514 od
463 459 501 528 et,
520 454 559 514 ita
577 455 684 514 maiore
704 473 756 512 nos
775 459 854 516 metu
872 449 932 510 iure
950 451 1030 512 oiiie'u
1063 453 1227 520 Caeterum
1246 481 1304 522 ιιοιι

173 539 228 600 ιΙίι
247 555 332 596 eausa
347 533 445 594 Mosen
486 553 536 593 eus
555 533 719 608 tremefacit,
739 551 827 612 quam
845 537 877 590 ut
897 529 948 590 sibi
966 530 1002 590 ob
1053 543 1169 601 nentem
1189 539 1303 616 reddat¹

172 627 259 699 atque
284 617 330 674 hio
353 621 446 674 metus
465 615 643 695 praeparatio
663 614 716 672 tuit
735 633 792 671 ιιοιι
813 611 988 670 incommode
1004 552 1052 671 sdd
1067 618 1205 678 maiorem
1226 619 1303 678 udu-

173 702 253 760 eiam.
284 695 353 774 Quo
372 695 458 756 etiam
478 695 599 776 pertinet
618 693 694 773 qnod
715 693 851 772 sequitur,
871 689 955 749 Solve
975 692 1201 757 calceamentum.
1234 697 1301 758 ido-

173 785 257 841 netur
276 777 351 836 enim
371 775 427 838 hoo
446 773 587 852 symbolo,
606 781 639 832 ut
655 771 709 831 Dei
727 771 860 832 mandata
879 779 1038 832 reverenter
1057 777 1177 857 excipiat
1194 797 1229 838 ao
1248 779 1297 840 de

172 859 260 918 bitom
279 856 321 915 iili
341 855 460 935 gloriam
479 854 572 913 modis
592 851 722 913 omnibus
763 855 874 911 roestet
1182 919 1193 928 ,

252 940 302 998 33.
324 942 403 1012 Quia
422 939 503 996 locare
523 942 554 993 to
573 955 630 1029 puo
650 931 717 993 eto'
756 951 791 991 oo
810 931 866 990 loei
886 927 973 1012 elogio
984 931 1074 993 Musis
1084 935 1210 996 animum
1220 939 1304 1018 qrmsi

172 1019 204 1080 in
223 1017 335 1078 eoelum
354 1015 484 1098 attollere
503 1011 692 1085 volmtDeus‚
712 1031 748 1072 ne
768 1009 835 1092 quid
855 1017 997 1070 terrenum
1015 1016 1165 1094 cogitaret.
1192 1015 1306 1094 Quodsi

173 1105 218 1160 tot
236 1091 356 1156 stimulis
376 1093 546 1188 pprrgendus⁸
563 1091 733 1188 iuit'iiioses,
752 1097 783 1150 ut
804 1098 895 1150 terme
912 1089 1024 1186 obiitus,
1035 1091 1103 1152 Deo
1123 1103 1306 1156 seattmrtum

173 1175 548 1332 ttttttttttttt
568 1171 818 1311 itttttttt
836 1175 1305 1331 tituttttt⁰ttffit

174 1337 249 1398 diem
268 1325 350 1394 ilium
369 1333 430 1394 eliis
450 1333 572 1392 sanctior
591 1331 691 1391 suerat.
731 1327 919 1412 Respondem'
939 1327 1017 1390 hune
1036 1329 1092 1390 Dei
1110 1335 1302 1412 praesentiae,

174 1437 233 1479 nou
253 1415 317 1475 loeo
337 1413 434 1474 haberi
453 1411 605 1486 honorem,
634 1417 664 1472 et
683 1409 830 1470 hominum
849 1427 929 1470 cause
945 1409 1099 1490 praedicari
1117 1411 1173 1472 lom'
1192 1413 1298 1472 saneti·

174 1504 272 1558 tatem
312 1491 387 1554 Nam
411 1494 436 1552 si
453 1489 734 1552 terram-sanctificat
753 1488 808 1550 Dei
833 1489 997 1570 pmesmtia,
1026 1497 1131 1571 quanto
1155 1493 1296 1552 maiorem

95 1603 98 1608 ·
174 1577 235 1637 eius
253 1575 314 1634 vim
333 1573 369 1634 ab
389 1570 675 1652 hominibus‘pereipi
694 1590 816 1650 aequum
837 1571 898 1628 est?
921 1565 1009 1628 Simul
1027 1579 1120 1630 tamen
1134 1571 1296 1631 notandum

174 1662 227 1732 est,
247 1654 288 1720 sio
306 1653 404 1714 locum
423 1651 459 1712 ad
479 1657 591 1731 tempus
611 1656 741 1724 umatum
761 1649 857 1722 fuisse,
876 1653 907 1706 ut
915 1647 989 1708 licus
1007 1669 1088 1708 suam
1106 1649 1164 1710 illio
1204 1653 1299 1710 oriam

174 1737 291 1797 minime
309 1731 446 1814 affigeret,
477 1729 717 1812 quemadmodum
736 1728 820 1789 Iacob
841 1729 926 1788 altare
941 1727 1003 1788 Deo
1020 1731 1114 1789 erexit
1132 1731 1164 1789 in
1262 1731 1300 1804 el,

197 1835 266 1876 uum
290 1815 465 1895 praesentiae
488 1811 545 1870 iiiio
570 1829 638 1870 suae
657 1807 738 1869 Deus
767 1811 879 1890 signum
908 1807 1020 1868 dedisset
1048 1809 1141 1886 (Gon.
1162 1813 1218 1884 35,
1242 1811 1299 1888 7.).

174 1838 253 1956 idem
274 1914 363 1976 quum
403 1893 490 1952 osteri
509 1889 693 1960 imitarentur,
713 1908 860 1970 pervorsus
876 1889 960 1948 cuitus
975 1889 1038 1948 ruit
1070 1887 1204 1970 Denique
1214 1892 1299 1949 unius

174 1975 263 2036 Musis
283 1992 368 2034 eausa
382 1914 467 2034 duem
487 1977 605 2030 vocatur
623 1979 759 2043 sauctus,
787 1975 820 2028 ut
843 1987 874 2028 se
893 1967 925 2028 sd
941 1969 1073 2030 timorem
1092 1967 1149 2028 Dei
1167 1979 1198 2030 et
1217 1971 1298 2032 obse-

175 2053 281 2196 puendi
301 2053 426 2114 studium
444 2049 545 2112 meiius
570 2055 731 2130 componat.
780 2045 865 2108 Nune
890 2068 972 2130 quum
992 2047 1074 2108 Deus
1093 2049 1196 2130 ubique
1215 2072 1248 2112 se
1266 2055 1297 2112 in

201 2135 292 2196 hristo
316 2139 494 2214 praesentem
517 2128 598 2190 nobis
622 2129 770 2202 exhibeat,
789 2127 874 2207 idque
897 2147 953 2198 nou
969 2127 1095 2188 obscuris
1113 2127 1220 2208 figuris,
1241 2133 1296 2192 sed

173 2217 258 2298 plens
277 2215 342 2275 luce
361 2233 395 2273 eo
415 2213 535 2272 veritate
554 2208 658 2284 solida,
677 2229 736 2268 non
755 2215 866 2268 tantum
885 2207 965 2290 pedes
983 2209 1083 2270 calceis
1100 2210 1220 2284 nudam,
1240 2211 1294 2271 sed

172 2317 226 2358 nos
243 2301 322 2355 totos
340 2313 448 2354 exuere
467 2291 609 2352 convenit.

253 2375 301 2438 34.
331 2375 464 2434 Videodo
484 2375 552 2432 vidi.
592 2365 677 2428 Nune
695 2365 775 2427 Deus
796 2387 826 2428 se
844 2366 939 2450 populi
958 2365 1022 2428 iore
1041 2367 1212 2429 libomtomm
1227 2390 1296 2450 pro-
1380 2359 1381 2378 ¹

172 2458 274 2528 mittit,
303 2461 337 2514 ut
355 2453 455 2514 Mosen
478 2451 639 2510 ministrum
658 2467 756 2508 rursus
776 2447 811 2508 de
830 2447 936 2528 integro
955 2451 1122 2523 constituat,
1150 2452 1216 2530 quis
1234 2457 1298 2512 tam

173 2537 260 2615 longo
280 2533 415 2614 temporis
434 2533 526 2611 spatio
545 2529 675 2608 superior
692 2528 843 2608 promissio
863 2527 950 2589 iuerat
968 2529 1135 2668 intemuptp.
1184 2527 1302 2592 Dicitur
1373 2524 1377 2538 '

173 2617 249 2676 enim
268 2613 349 2672 Deus
369 2610 465 2670 videre
484 2607 558 2670 mela
579 2614 688 2680 nostra,
708 2627 797 2688 quum
816 2609 950 2670 rationem
969 2609 1060 2668 nostri
1118 2609 1175 2684 bet,
1194 2629 1230 2669 ae
1249 2631 1299 2671 eu·

173 2715 235 2756 mm
254 2693 353 2752 salutis
373 2697 486 2750 nostrae
506 2689 636 2766 suscipit:
656 2687 737 2746 sicuti
757 2708 870 2748 rursum
889 2687 1015 2750 daudere
1033 2689 1134 2748 oeulos
1148 2695 1300 2770 ettergom

175 2771 324 2834 obvertere
344 2769 459 2840 dieitur,
489 2769 557 2828 dum
583 2785 697 2826 eausam
717 2773 843 2828 nostram
862 2769 999 2850 negligere
1018 2769 1140 2828 videtur.
1190 2767 1298 2830 Eadem

173 2858 217 2912 est
235 2852 310 2910 ratio
329 2849 491 2908 descensus.
531 2845 647 2906 Minime
667 2866 740 2927 opus
759 2853 811 2923 est,
832 2855 863 2906 ut
882 2847 996 2908 eeDeus
1015 2847 1080 2908 loeo
1099 2856 1217 2909 moveat
1235 2853 1299 2932 opis

108 2939 132 2964 '⁸
174 2929 306 2991 terendae
325 2946 423 2988 eausa:
444 2947 545 2986 manus
564 2927 641 2985 enim
660 2927 720 2986 eius
740 2947 791 3007 per
810 2928 916 2988 eoelum
934 2933 965 2988 et
984 2935 1090 2989 terram
1110 2937 1229 2990 extenta
1240 2938 1299 2991 est:

174 3011 223 3071 sed
243 3010 300 3072 hoo
319 3001 355 3068 a'd
376 3027 489 3068 sensum
509 3013 638 3067 nostrum
658 3005 786 3067 refertur.
836 3005 905 3066 Nom
929 3027 1019 3088 quum
1044 3007 1228 3070 afflictionem
1245 3031 1300 3092 po-
1379 3049 1380 3058 ι

126 3147 129 3152 .
173 3091 234 3173 puli
253 3111 312 3151 non
331 3089 447 3162 levaret
465 3087 567 3170 procul
586 3085 684 3147 abesse
703 3093 732 3147 et
751 3105 850 3147 curare
868 3085 941 3148 aliud
960 3089 990 3148 in
1010 3090 1091 3150 eoelo
1110 3089 1200 3150 rideri
1221 3099 1300 3171 pote·
1379 3081 1380 3100 ¹

83 3229 86 3238 ,
171 3177 226 3232 rat.
266 3169 351 3230 Nune
370 3167 534 3254 denunciet,
562 3165 701 3228 israelitas
725 3187 778 3247 pro
799 3168 915 3248 inquam
938 3167 992 3228 sibi
1010 3187 1153 3230 sensuros.
1192 3169 1302 3230 'l'otmn

172 3251 231 3312 hue
250 3255 368 3332 spectat,
399 3255 432 3310 ut
450 3247 546 3310 Moses
566 3247 601 3306 de
621 3247 767 3308 voluntate
816 3247 949 3308 eiiaetus
968 3249 1081 3324 certior,
1109 3249 1193 3309 ilium
1218 3252 1303 3330 sequi

172 3331 274 3392 duoem
294 3347 352 3390 nos
372 3327 490 3404 dubitet,
510 3345 597 3408 seque
616 3328 723 3386 maiore
742 3325 844 3386 iidueia
864 3327 1003 3409 impendat
1022 3330 1051 3388 iu
1070 3329 1170 3410 populi
1188 3329 1302 3390 mdem·

192 3416 315 3485 tionem,
344 3428 431 3488 quem
449 3407 506 3468 Dei
526 3425 599 3486 opus
619 3426 681 3466 esse
699 3407 788 3465 novit.
838 3403 1000 3482 Nptandum
1024 3411 1109 3468 etiam
1132 3416 1191 3482 est,
1219 3409 1302 3488 quod

171 3431 253 3552 deus
273 3510 303 3550 se
322 3491 458 3570 gemitum
478 3485 589 3546 audisse
608 3491 819 3546 commemorat.
868 3485 938 3547 Nam
962 3507 1051 3568 quum
1070 3489 1190 3548 miseros
1209 3493 1240 3547 et
1259 3489 1301 3547 in·

171 3573 245 3632 iuste
265 3587 418 3651 oppressos
436 3568 581 3648 respiciat,
604 3567 754 3648 praecipue
773 3571 879 3632 tameo.
898 3579 989 3648 quum
1008 3569 1037 3626 in
1057 3570 1118 3626 eius
1137 3569 1233 3627 sinum
1254 3567 1301 3628 de·

73 3706 75 3719 ,
211 3653 305 3710 nimus
334 3649 457 3730 gemitus
484 3653 597 3706 nostros
627 3652 657 3705 et
685 3645 829 3726 querelas,
857 3647 892 3706 ad
920 3647 1141 3711 misericordiam
1165 3649 1300 3708 demitur.

171 3673 469 3811 bouesquammomen
488 3725 552 3800 hoe,
572 3731 605 3784 ut
623 3745 671 3784 see
692 3725 803 3803 selthi,
826 3747 878 3810 pro
897 3725 991 3786 meeis
1011 3733 1041 3787 et
1059 3726 1187 3788 confusis
1207 3731 1302 3808 qumi·

169 3813 274 3874 moniis
293 3809 385 3891 aeoipi
403 3813 508 3892 potest,
527 3825 601 3888 quae
620 3805 658 3865 ad
671 3747 773 3867 iteum
791 3823 850 3868 uon
868 3806 1035 3890 diriguntur.
1105 3835 1111 3845 =

258 4011 312 4076 35.
355 4009 451 4077 Hunc
473 4005 603 4096 Mosen,
625 4029 723 4098 quem
744 3979 951 4100 ιιιςινιιίιιι,Ι
969 4007 1123 4076 direntes:
1167 4007 1301 4094 Quiete

38 4101 45 4129 ⁸
170 4115 332 4184 constituit
352 4115 525 4206 principem
548 4137 585 4183 sc
605 4113 762 4182 iudicem?
804 4112 913 4198 Hune,
941 4113 1087 4206 inquom,
1107 4111 1200 4180 Deus
1221 4111 1302 4204 prim

170 4221 274 4312 eipem
296 4231 329 4288 et
349 4219 582 4322 redemptorem
609 4220 695 4288 misit
719 4222 754 4288 in
778 4245 875 4290 manu
897 4215 1038 4312 Angeli,‘
1059 4217 1115 4310 qui
1143 4219 1233 4313 pisus
1258 4215 1301 4286 itti

169 4325 270 4394 iuerat
290 4325 323 4390 io
344 4325 433 4394 mbo.
477 4325 531 4394 35.
564 4325 624 4396 Hie
650 4325 760 4395 eduxit
786 4349 843 4396 eos
865 4325 955 4396 editis
976 4325 1128 4420 prodigiis
1150 4333 1184 4393 et
1204 4323 1300 4416 signis
1377 4361 1378 4400 ι

168 4431 202 4498 ἱιι
224 4441 305 4498 terra
326 4427 462 4522 Aegypti
488 4441 520 4498 et
547 4431 579 4498 in
607 4431 686 4500 mori
712 4431 822 4518 rubro,
839 4423 841 4430 ’
856 4444 889 4503 et
915 4433 948 4500 in
971 4425 1096 4502 deserto
1117 4455 1178 4523 per
1196 4451 1299 4499 ιιιιιοι
