<?xml version="1.0" encoding="UTF-8"?>
<!DOCTYPE html PUBLIC "-//W3C//DTD XHTML 1.0 Transitional//EN"
    "http://www.w3.org/TR/xhtml1/DTD/xhtml1-transitional.dtd">
<html xmlns="http://www.w3.org/1999/xhtml" xml:lang="en" lang="en">
 <head>
  <title>
</title>
<meta http-equiv="Content-Type" content="text/html;charset=utf-8" />
  <meta name='ocr-system' content='tesseract 3.04.00' />
  <meta name='ocr-capabilities' content='ocr_page ocr_carea ocr_par ocr_line ocrx_word'/>
</head>
<body>
  <div class='ocr_page' id='page_1' title='image "./innovumtestamen00tholgoog_0546.png"; bbox 0 0 2786 4866; ppageno 0'>
   <div class='ocr_carea' id='block_1_1' title="bbox 552 231 1356 332">
    <p class='ocr_par' dir='ltr' id='par_1_1' title="bbox 552 231 1356 332">
     <span class='ocr_line' id='line_1_1' title="bbox 552 231 1356 332; baseline -0.002 -30"><span class='ocrx_word' id='word_1_1' title='bbox 552 237 689 332; x_wconf 51' lang='lat' dir='ltr'><strong>¹CAPUT</strong></span> <span class='ocrx_word' id='word_1_2' title='bbox 709 241 770 304; x_wconf 85' lang='lat' dir='ltr'><strong>Vll.</strong></span> <span class='ocrx_word' id='word_1_3' title='bbox 827 287 828 292; x_wconf 65' lang='lat'><strong>,</strong></span> <span class='ocrx_word' id='word_1_4' title='bbox 1173 231 1230 316; x_wconf 72' lang='lat'><strong>133</strong></span> <span class='ocrx_word' id='word_1_5' title='bbox 1353 241 1356 249; x_wconf 54' lang='lat'><em>¹</em></span> 
     </span>
    </p>
   </div>
   <div class='ocr_carea' id='block_1_2' title="bbox 100 353 1324 2899">
    <p class='ocr_par' dir='ltr' id='par_1_2' title="bbox 108 353 1231 675">
     <span class='ocr_line' id='line_1_2' title="bbox 112 353 1230 438; baseline 0.011 -24"><span class='ocrx_word' id='word_1_6' title='bbox 112 362 168 414; x_wconf 85' lang='lat' dir='ltr'><strong>teor</strong></span> <span class='ocrx_word' id='word_1_7' title='bbox 186 359 216 414; x_wconf 85' lang='lat' dir='ltr'><strong>et</strong></span> <span class='ocrx_word' id='word_1_8' title='bbox 235 358 383 433; x_wconf 83' lang='lat' dir='ltr'><strong>stuporem</strong></span> <span class='ocrx_word' id='word_1_9' title='bbox 403 359 433 413; x_wconf 83' lang='lat' dir='ltr'><strong>et</strong></span> <span class='ocrx_word' id='word_1_10' title='bbox 451 353 488 413; x_wconf 90' lang='lat' dir='ltr'><strong>iu·</strong></span> <span class='ocrx_word' id='word_1_11' title='bbox 500 356 665 436; x_wconf 86' lang='lat' dir='ltr'><strong>cupiditates</strong></span> <span class='ocrx_word' id='word_1_12' title='bbox 684 359 836 436; x_wconf 89' lang='lat' dir='ltr'><strong>pmbrosas</strong></span> <span class='ocrx_word' id='word_1_13' title='bbox 845 360 927 434; x_wconf 86' lang='lat' dir='ltr'><strong>tradi,</strong></span> <span class='ocrx_word' id='word_1_14' title='bbox 945 361 1085 428; x_wconf 88' lang='lat' dir='ltr'><strong>instaDel</strong></span> <span class='ocrx_word' id='word_1_15' title='bbox 1098 362 1230 438; x_wconf 79' lang='lat' dir='ltr'><strong>vindicta,</strong></span> 
     </span>
     <span class='ocr_line' id='line_1_3' title="bbox 109 431 1230 523; baseline 0.011 -29"><span class='ocrx_word' id='word_1_16' title='bbox 109 435 199 494; x_wconf 81' lang='lat' dir='ltr'><strong>docet</strong></span> <span class='ocrx_word' id='word_1_17' title='bbox 238 431 314 492; x_wconf 85' lang='lat' dir='ltr'><strong>Hinc</strong></span> <span class='ocrx_word' id='word_1_18' title='bbox 332 433 441 492; x_wconf 86' lang='lat' dir='ltr'><strong>laetum</strong></span> <span class='ocrx_word' id='word_1_19' title='bbox 459 439 511 507; x_wconf 86' lang='lat' dir='ltr'><strong>est,</strong></span> <span class='ocrx_word' id='word_1_20' title='bbox 530 455 568 494; x_wconf 85' lang='lat' dir='ltr'><strong>ex</strong></span> <span class='ocrx_word' id='word_1_21' title='bbox 587 457 646 516; x_wconf 88' lang='lat' dir='ltr'><strong>qno</strong></span> <span class='ocrx_word' id='word_1_22' title='bbox 665 440 758 498; x_wconf 84' lang='lat' dir='ltr'><strong>vitiari</strong></span> <span class='ocrx_word' id='word_1_23' title='bbox 777 442 871 520; x_wconf 83' lang='lat' dir='ltr'><strong>eoepit</strong></span> <span class='ocrx_word' id='word_1_24' title='bbox 890 441 997 522; x_wconf 77' lang='lat' dir='ltr'><strong>religio,</strong></span> <span class='ocrx_word' id='word_1_25' title='bbox 1017 449 1049 504; x_wconf 89' lang='lat' dir='ltr'><strong>ut</strong></span> <span class='ocrx_word' id='word_1_26' title='bbox 1067 445 1165 523; x_wconf 85' lang='lat' dir='ltr'><strong>paucis</strong></span> <span class='ocrx_word' id='word_1_27' title='bbox 1184 465 1230 506; x_wconf 64' lang='lat' dir='ltr'><strong>su·&#39;</strong></span> 
     </span>
     <span class='ocr_line' id='line_1_4' title="bbox 108 511 1231 675; baseline 0.012 -105"><span class='ocrx_word' id='word_1_28' title='bbox 108 511 756 675; x_wconf 43' lang='lat' dir='ltr'><strong>iqfflffligusofflgfflessgengnffoffi</strong></span> <span class='ocrx_word' id='word_1_29' title='bbox 772 525 802 578; x_wconf 86' lang='lat' dir='ltr'><strong>et</strong></span> <span class='ocrx_word' id='word_1_30' title='bbox 820 519 930 657; x_wconf 68' lang='lat' dir='ltr'><strong>lqvibps</strong></span> <span class='ocrx_word' id='word_1_31' title='bbox 949 523 1117 660; x_wconf 77' lang='lat' dir='ltr'><strong>corruptelis</strong></span> <span class='ocrx_word' id='word_1_32' title='bbox 1137 541 1231 584; x_wconf 82' lang='lat' dir='ltr'><strong>crassa</strong></span> 
     </span>
     <span class='ocr_line' id='line_1_5' title="bbox 609 617 1152 661; baseline 0.011 -6"><span class='ocrx_word' id='word_1_33' title='bbox 609 617 626 655; x_wconf 91' lang='lat' dir='ltr'><strong>a</strong></span> <span class='ocrx_word' id='word_1_34' title='bbox 730 619 774 658; x_wconf 82' lang='lat' dir='ltr'><strong>ara</strong></span> <span class='ocrx_word' id='word_1_35' title='bbox 799 619 876 658; x_wconf 88' lang='lat' dir='ltr'><strong>onrm</strong></span> <span class='ocrx_word' id='word_1_36' title='bbox 908 619 990 661; x_wconf 85' lang='lat' dir='ltr'><strong>asem</strong></span> <span class='ocrx_word' id='word_1_37' title='bbox 1013 621 1035 660; x_wconf 79' lang='lat' dir='ltr'><strong>ss</strong></span> <span class='ocrx_word' id='word_1_38' title='bbox 1151 627 1152 630; x_wconf 41' lang='lat'>¹</span> 
     </span>
    </p>

    <p class='ocr_par' dir='ltr' id='par_1_3' title="bbox 105 613 1231 1214">
     <span class='ocr_line' id='line_1_6' title="bbox 106 613 1231 758; baseline 0.008 -25"><span class='ocrx_word' id='word_1_39' title='bbox 106 613 454 753; x_wconf 71' lang='lat' dir='ltr'><strong>neglexeruntpbomines,</strong></span> <span class='ocrx_word' id='word_1_40' title='bbox 472 672 548 733; x_wconf 89' lang='lat' dir='ltr'><strong>iusto</strong></span> <span class='ocrx_word' id='word_1_41' title='bbox 568 673 624 734; x_wconf 89' lang='lat' dir='ltr'><strong>Dei</strong></span> <span class='ocrx_word' id='word_1_42' title='bbox 642 676 746 737; x_wconf 87' lang='lat' dir='ltr'><strong>iudicio</strong></span> <span class='ocrx_word' id='word_1_43' title='bbox 766 699 882 758; x_wconf 83' lang='lat' dir='ltr'><strong>promas</strong></span> <span class='ocrx_word' id='word_1_44' title='bbox 901 678 984 740; x_wconf 86' lang='lat' dir='ltr'><strong>obsta</strong></span> <span class='ocrx_word' id='word_1_45' title='bbox 1020 620 1231 757; x_wconf 51' lang='lat' dir='ltr'><strong>[ailiam</strong></span> 
     </span>
     <span class='ocr_line' id='line_1_7' title="bbox 105 752 1231 840; baseline 0.009 -28"><span class='ocrx_word' id='word_1_46' title='bbox 105 759 137 812; x_wconf 87' lang='lat' dir='ltr'><strong>ut</strong></span> <span class='ocrx_word' id='word_1_47' title='bbox 154 752 243 811; x_wconf 84' lang='lat' dir='ltr'><strong>nihilo</strong></span> <span class='ocrx_word' id='word_1_48' title='bbox 264 753 369 810; x_wconf 86' lang='lat' dir='ltr'><strong>rectius</strong></span> <span class='ocrx_word' id='word_1_49' title='bbox 389 770 475 830; x_wconf 91' lang='lat' dir='ltr'><strong>quam</strong></span> <span class='ocrx_word' id='word_1_50' title='bbox 494 752 593 814; x_wconf 83' lang='lat' dir='ltr'><strong>brutae</strong></span> <span class='ocrx_word' id='word_1_51' title='bbox 612 757 734 835; x_wconf 88' lang='lat' dir='ltr'><strong>pecudes</strong></span> <span class='ocrx_word' id='word_1_52' title='bbox 753 759 918 819; x_wconf 86' lang='lat' dir='ltr'><strong>indicarent.</strong></span> <span class='ocrx_word' id='word_1_53' title='bbox 1007 767 1020 820; x_wconf 92' lang='lat' dir='ltr'><strong>t</strong></span> <span class='ocrx_word' id='word_1_54' title='bbox 1042 761 1156 840; x_wconf 89' lang='lat' dir='ltr'><strong>quidem</strong></span> <span class='ocrx_word' id='word_1_55' title='bbox 1175 761 1231 822; x_wconf 86' lang='lat' dir='ltr'><strong>fer·</strong></span> 
     </span>
     <span class='ocr_line' id='line_1_8' title="bbox 105 831 1230 919; baseline 0.008 -28"><span class='ocrx_word' id='word_1_56' title='bbox 105 831 160 892; x_wconf 88' lang='lat' dir='ltr'><strong>tilis</strong></span> <span class='ocrx_word' id='word_1_57' title='bbox 184 831 354 904; x_wconf 86' lang='lat' dir='ltr'><strong>idololatria,</strong></span> <span class='ocrx_word' id='word_1_58' title='bbox 379 839 411 889; x_wconf 88' lang='lat' dir='ltr'><strong>ut</strong></span> <span class='ocrx_word' id='word_1_59' title='bbox 434 849 473 891; x_wconf 80' lang='lat' dir='ltr'><strong>ex</strong></span> <span class='ocrx_word' id='word_1_60' title='bbox 492 851 550 892; x_wconf 89' lang='grc' dir='ltr'>ιιιιο</span> <span class='ocrx_word' id='word_1_61' title='bbox 570 833 624 893; x_wconf 91' lang='lat' dir='ltr'><strong>deo</strong></span> <span class='ocrx_word' id='word_1_62' title='bbox 643 835 755 910; x_wconf 66' lang='lat' dir='ltr'><strong>licinio,</strong></span> <span class='ocrx_word' id='word_1_63' title='bbox 775 845 890 898; x_wconf 82' lang='lat' dir='ltr'><strong>ecetram</strong></span> <span class='ocrx_word' id='word_1_64' title='bbox 910 859 979 899; x_wconf 82' lang='lat' dir='ltr'><strong>mox</strong></span> <span class='ocrx_word' id='word_1_65' title='bbox 998 841 1163 919; x_wconf 75' lang='lat' dir='ltr'><strong>gignantur,</strong></span> <span class='ocrx_word' id='word_1_66' title='bbox 1192 859 1230 900; x_wconf 83' lang='lat' dir='ltr'><strong>ex</strong></span> 
     </span>
     <span class='ocr_line' id='line_1_9' title="bbox 105 911 1230 991; baseline 0.006 -19"><span class='ocrx_word' id='word_1_67' title='bbox 105 913 305 991; x_wconf 76' lang='lat' dir='ltr'><strong>&#39;superstitione</strong></span> <span class='ocrx_word' id='word_1_68' title='bbox 334 928 392 970; x_wconf 86' lang='lat' dir='ltr'><strong>uua</strong></span> <span class='ocrx_word' id='word_1_69' title='bbox 416 911 494 970; x_wconf 91' lang='lat' dir='ltr'><strong>mille</strong></span> <span class='ocrx_word' id='word_1_70' title='bbox 518 914 683 974; x_wconf 74' lang='lat' dir='ltr'><strong>scaturiant.</strong></span> <span class='ocrx_word' id='word_1_71' title='bbox 731 915 789 976; x_wconf 88' lang='lat' dir='ltr'><strong>Sed</strong></span> <span class='ocrx_word' id='word_1_72' title='bbox 808 917 875 978; x_wconf 88' lang='lat' dir='ltr'><strong>hino</strong></span> <span class='ocrx_word' id='word_1_73' title='bbox 893 925 971 978; x_wconf 88' lang='lat' dir='ltr'><strong>tanta</strong></span> <span class='ocrx_word' id='word_1_74' title='bbox 990 918 1138 979; x_wconf 89' lang='lat' dir='ltr'><strong>hominum</strong></span> <span class='ocrx_word' id='word_1_75' title='bbox 1157 921 1230 979; x_wconf 88' lang='lat' dir='ltr'><strong>iosa-</strong></span> 
     </span>
     <span class='ocr_line' id='line_1_10' title="bbox 106 989 1230 1078; baseline 0.005 -26"><span class='ocrx_word' id='word_1_76' title='bbox 106 991 162 1064; x_wconf 86' lang='lat' dir='ltr'><strong>aia,</strong></span> <span class='ocrx_word' id='word_1_77' title='bbox 186 991 263 1070; x_wconf 90' lang='lat' dir='ltr'><strong>quod</strong></span> <span class='ocrx_word' id='word_1_78' title='bbox 283 989 363 1052; x_wconf 88' lang='lat' dir='ltr'><strong>Deus</strong></span> <span class='ocrx_word' id='word_1_79' title='bbox 382 989 505 1051; x_wconf 87' lang='lat' dir='ltr'><strong>Satanae</strong></span> <span class='ocrx_word' id='word_1_80' title='bbox 523 993 588 1054; x_wconf 89' lang='lat' dir='ltr'><strong>illos</strong></span> <span class='ocrx_word' id='word_1_81' title='bbox 607 995 729 1069; x_wconf 84' lang='lat' dir='ltr'><strong>tradens,</strong></span> <span class='ocrx_word' id='word_1_82' title='bbox 754 1016 785 1056; x_wconf 86' lang='lat' dir='ltr'><strong>se</strong></span> <span class='ocrx_word' id='word_1_83' title='bbox 803 997 898 1076; x_wconf 86' lang='lat' dir='ltr'><strong>ipsum</strong></span> <span class='ocrx_word' id='word_1_84' title='bbox 918 998 1077 1072; x_wconf 84' lang='lat' dir='ltr'><strong>ulciscitur,</strong></span> <span class='ocrx_word' id='word_1_85' title='bbox 1107 999 1174 1078; x_wconf 87' lang='lat' dir='ltr'><strong>quia</strong></span> <span class='ocrx_word' id='word_1_86' title='bbox 1192 1016 1230 1058; x_wconf 79' lang='lat' dir='ltr'><strong>ex</strong></span> 
     </span>
     <span class='ocr_line' id='line_1_11' title="bbox 108 1071 1230 1156; baseline 0.009 -28"><span class='ocrx_word' id='word_1_87' title='bbox 108 1089 167 1152; x_wconf 89' lang='lat' dir='ltr'><strong>quo</strong></span> <span class='ocrx_word' id='word_1_88' title='bbox 185 1089 239 1128; x_wconf 88' lang='lat' dir='ltr'><strong>nos</strong></span> <span class='ocrx_word' id='word_1_89' title='bbox 257 1071 378 1150; x_wconf 85' lang='lat' dir='ltr'><strong>suscepit</strong></span> <span class='ocrx_word' id='word_1_90' title='bbox 396 1072 534 1150; x_wconf 63' lang='grc' dir='ltr'>ηςοιιιιιιι</span> <span class='ocrx_word' id='word_1_91' title='bbox 551 1073 631 1132; x_wconf 88' lang='lat' dir='ltr'><strong>nulla</strong></span> <span class='ocrx_word' id='word_1_92' title='bbox 650 1077 786 1155; x_wconf 73' lang='lat' dir='ltr'><strong>confingit</strong></span> <span class='ocrx_word' id='word_1_93' title='bbox 804 1077 834 1134; x_wconf 86' lang='lat' dir='ltr'><strong>iu</strong></span> <span class='ocrx_word' id='word_1_94' title='bbox 853 1081 935 1156; x_wconf 87' lang='lat' dir='ltr'><strong>parta</strong></span> <span class='ocrx_word' id='word_1_95' title='bbox 953 1078 1014 1137; x_wconf 89' lang='lat' dir='ltr'><strong>aius</strong></span> <span class='ocrx_word' id='word_1_96' title='bbox 1032 1077 1163 1154; x_wconf 87' lang='lat' dir='ltr'><strong>mutatio,</strong></span> <span class='ocrx_word' id='word_1_97' title='bbox 1179 1077 1230 1138; x_wconf 88' lang='lat' dir='ltr'><strong>sed</strong></span> 
     </span>
     <span class='ocr_line' id='line_1_12' title="bbox 108 1151 1192 1214; baseline 0.006 -6"><span class='ocrx_word' id='word_1_98' title='bbox 108 1151 252 1211; x_wconf 88' lang='lat' dir='ltr'><strong>temeraria</strong></span> <span class='ocrx_word' id='word_1_99' title='bbox 271 1157 365 1208; x_wconf 83' lang='lat' dir='ltr'><strong>nostra</strong></span> <span class='ocrx_word' id='word_1_100' title='bbox 385 1151 500 1210; x_wconf 87' lang='lat' dir='ltr'><strong>levitate</strong></span> <span class='ocrx_word' id='word_1_101' title='bbox 518 1170 536 1210; x_wconf 91' lang='lat' dir='ltr'><strong>a</strong></span> <span class='ocrx_word' id='word_1_102' title='bbox 555 1151 637 1211; x_wconf 87' lang='lat' dir='ltr'><strong>nohis</strong></span> <span class='ocrx_word' id='word_1_103' title='bbox 656 1155 829 1214; x_wconf 66' lang='lat' dir='ltr'><strong>distrahitur.</strong></span> <span class='ocrx_word' id='word_1_104' title='bbox 1190 1159 1192 1166; x_wconf 82' lang='grc'>’</span> 
     </span>
    </p>

    <p class='ocr_par' dir='ltr' id='par_1_4' title="bbox 100 1231 1306 2662">
     <span class='ocr_line' id='line_1_13' title="bbox 184 1231 1229 1311; baseline 0.006 -21"><span class='ocrx_word' id='word_1_105' title='bbox 184 1231 238 1290; x_wconf 80' lang='lat' dir='ltr'><strong>Na</strong></span> <span class='ocrx_word' id='word_1_106' title='bbox 310 1237 317 1252; x_wconf 83' lang='lat'><strong>¹</strong></span> <span class='ocrx_word' id='word_1_107' title='bbox 355 1237 534 1292; x_wconf 76' lang='lat' dir='ltr'><strong>victimaret</strong></span> <span class='ocrx_word' id='word_1_108' title='bbox 553 1235 673 1292; x_wconf 68' lang='lat' dir='ltr'><strong>Matios.</strong></span> <span class='ocrx_word' id='word_1_109' title='bbox 702 1231 797 1292; x_wconf 80' lang='lat' dir='ltr'><strong>Locus</strong></span> <span class='ocrx_word' id='word_1_110' title='bbox 816 1231 863 1293; x_wconf 85' lang='lat' dir='ltr'><strong>bie</strong></span> <span class='ocrx_word' id='word_1_111' title='bbox 882 1231 1066 1310; x_wconf 81' lang='lat' dir='ltr'><strong>sxAmos5,</strong></span> <span class='ocrx_word' id='word_1_112' title='bbox 1085 1231 1229 1311; x_wconf 55' lang='lat' dir='ltr'><strong>25.quss</strong></span> 
     </span>
     <span class='ocr_line' id='line_1_14' title="bbox 107 1309 1230 1393; baseline 0.006 -25"><span class='ocrx_word' id='word_1_113' title='bbox 107 1314 171 1388; x_wconf 86' lang='lat' dir='ltr'><strong>ptus</strong></span> <span class='ocrx_word' id='word_1_114' title='bbox 189 1315 241 1368; x_wconf 83' lang='lat' dir='ltr'><strong>est</strong></span> <span class='ocrx_word' id='word_1_115' title='bbox 315 1311 414 1390; x_wconf 91' lang='lat' dir='ltr'><strong>qautio</strong></span> <span class='ocrx_word' id='word_1_116' title='bbox 434 1309 663 1392; x_wconf 86' lang='lat' dir='ltr'><strong>quaStephanus</strong></span> <span class='ocrx_word' id='word_1_117' title='bbox 682 1314 772 1372; x_wconf 90' lang='lat' dir='ltr'><strong>utitur</strong></span> <span class='ocrx_word' id='word_1_118' title='bbox 789 1311 953 1393; x_wconf 72' lang='lat' dir='ltr'><strong>prophetias</strong></span> <span class='ocrx_word' id='word_1_119' title='bbox 973 1334 1071 1374; x_wconf 85' lang='lat' dir='ltr'><strong>omues</strong></span> <span class='ocrx_word' id='word_1_120' title='bbox 1089 1315 1120 1374; x_wconf 89' lang='lat' dir='ltr'><strong>in</strong></span> <span class='ocrx_word' id='word_1_121' title='bbox 1139 1332 1230 1374; x_wconf 87' lang='lat' dir='ltr'><strong>uuum</strong></span> 
     </span>
     <span class='ocr_line' id='line_1_15' title="bbox 106 1387 1306 1472; baseline 0.007 -26"><span class='ocrx_word' id='word_1_122' title='bbox 106 1407 209 1466; x_wconf 86' lang='lat' dir='ltr'><strong>eorpus</strong></span> <span class='ocrx_word' id='word_1_123' title='bbox 228 1387 314 1449; x_wconf 87' lang='lat' dir='ltr'><strong>luisse</strong></span> <span class='ocrx_word' id='word_1_124' title='bbox 333 1387 466 1448; x_wconf 81' lang='lat' dir='ltr'><strong>collectas</strong></span> <span class='ocrx_word' id='word_1_125' title='bbox 486 1391 617 1450; x_wconf 79' lang='lat' dir='ltr'><strong>ostendit.</strong></span> <span class='ocrx_word' id='word_1_126' title='bbox 657 1390 809 1452; x_wconf 79' lang='lat' dir='ltr'><strong>Caeterum</strong></span> <span class='ocrx_word' id='word_1_127' title='bbox 827 1392 919 1452; x_wconf 85' lang='lat' dir='ltr'><strong>Amos</strong></span> <span class='ocrx_word' id='word_1_128' title='bbox 937 1392 1004 1465; x_wconf 88' lang='lat' dir='ltr'><strong>illie,</strong></span> <span class='ocrx_word' id='word_1_129' title='bbox 1024 1399 1176 1472; x_wconf 83' lang='lat' dir='ltr'><strong>postquem</strong></span> <span class='ocrx_word' id='word_1_130' title='bbox 1199 1395 1230 1453; x_wconf 87' lang='grc' dir='ltr'><strong>ἰιι</strong></span> <span class='ocrx_word' id='word_1_131' title='bbox 1300 1439 1306 1446; x_wconf 80' lang='lat'><em>.</em></span> 
     </span>
     <span class='ocr_line' id='line_1_16' title="bbox 103 1467 1230 1550; baseline 0.005 -24"><span class='ocrx_word' id='word_1_132' title='bbox 103 1467 291 1527; x_wconf 85' lang='lat' dir='ltr'><strong>idololatriam</strong></span> <span class='ocrx_word' id='word_1_133' title='bbox 310 1474 340 1528; x_wconf 86' lang='lat' dir='ltr'><strong>et</strong></span> <span class='ocrx_word' id='word_1_134' title='bbox 358 1469 435 1528; x_wconf 82' lang='lat' dir='ltr'><strong>varia</strong></span> <span class='ocrx_word' id='word_1_135' title='bbox 448 1469 555 1550; x_wconf 71' lang='lat' dir='ltr'><strong>populi</strong></span> <span class='ocrx_word' id='word_1_136' title='bbox 575 1470 683 1530; x_wconf 80' lang='lat' dir='ltr'><strong>seelera</strong></span> <span class='ocrx_word' id='word_1_137' title='bbox 707 1473 835 1530; x_wconf 84' lang='lat' dir='ltr'><strong>invectus</strong></span> <span class='ocrx_word' id='word_1_138' title='bbox 859 1478 916 1544; x_wconf 87' lang='lat' dir='ltr'><strong>eet,</strong></span> <span class='ocrx_word' id='word_1_139' title='bbox 945 1471 1057 1531; x_wconf 89' lang='lat' dir='ltr'><strong>subiicit</strong></span> <span class='ocrx_word' id='word_1_140' title='bbox 1084 1491 1145 1532; x_wconf 89' lang='lat' dir='ltr'><strong>non</strong></span> <span class='ocrx_word' id='word_1_141' title='bbox 1168 1491 1230 1532; x_wconf 81' lang='lat' dir='ltr'><strong>esse</strong></span> 
     </span>
     <span class='ocr_line' id='line_1_17' title="bbox 102 1546 1230 1632; baseline 0.004 -26"><span class='ocrx_word' id='word_1_142' title='bbox 102 1567 211 1606; x_wconf 89' lang='lat' dir='ltr'><strong>novum</strong></span> <span class='ocrx_word' id='word_1_143' title='bbox 230 1546 287 1605; x_wconf 90' lang='lat' dir='ltr'><strong>hoc</strong></span> <span class='ocrx_word' id='word_1_144' title='bbox 306 1548 427 1622; x_wconf 85' lang='lat' dir='ltr'><strong>mulum,</strong></span> <span class='ocrx_word' id='word_1_145' title='bbox 456 1555 489 1609; x_wconf 93' lang='grc' dir='ltr'><strong>ιιι</strong></span> <span class='ocrx_word' id='word_1_146' title='bbox 508 1548 574 1610; x_wconf 88' lang='lat' dir='ltr'><strong>Deo</strong></span> <span class='ocrx_word' id='word_1_147' title='bbox 598 1549 717 1610; x_wconf 82' lang='lat' dir='ltr'><strong>rebelles</strong></span> <span class='ocrx_word' id='word_1_148' title='bbox 741 1551 799 1610; x_wconf 87' lang='lat' dir='ltr'><strong>siut</strong></span> <span class='ocrx_word' id='word_1_149' title='bbox 817 1549 926 1625; x_wconf 87' lang='lat' dir='ltr'><strong>ludaei,</strong></span> <span class='ocrx_word' id='word_1_150' title='bbox 977 1553 1022 1610; x_wconf 91' lang='lat' dir='ltr'><strong>nia</strong></span> <span class='ocrx_word' id='word_1_151' title='bbox 1041 1551 1099 1611; x_wconf 89' lang='lat' dir='ltr'><strong>iam</strong></span> <span class='ocrx_word' id='word_1_152' title='bbox 1117 1551 1148 1609; x_wconf 90' lang='lat' dir='ltr'><strong>ln</strong></span> <span class='ocrx_word' id='word_1_153' title='bbox 1166 1551 1230 1632; x_wconf 92' lang='lat' dir='ltr'><strong>ipso</strong></span> 
     </span>
     <span class='ocr_line' id='line_1_18' title="bbox 102 1626 1230 1709; baseline 0.002 -23"><span class='ocrx_word' id='word_1_154' title='bbox 102 1627 216 1688; x_wconf 77' lang='lat' dir='ltr'><strong>deserto</strong></span> <span class='ocrx_word' id='word_1_155' title='bbox 235 1627 349 1686; x_wconf 89' lang='lat' dir='ltr'><strong>illorum</strong></span> <span class='ocrx_word' id='word_1_156' title='bbox 368 1626 468 1688; x_wconf 84' lang='lat' dir='ltr'><strong>Patres</strong></span> <span class='ocrx_word' id='word_1_157' title='bbox 486 1647 504 1689; x_wconf 91' lang='lat' dir='ltr'><strong>a</strong></span> <span class='ocrx_word' id='word_1_158' title='bbox 524 1649 591 1688; x_wconf 90' lang='lat' dir='ltr'><strong>vera</strong></span> <span class='ocrx_word' id='word_1_159' title='bbox 610 1630 714 1709; x_wconf 85' lang='lat' dir='ltr'><strong>pietate</strong></span> <span class='ocrx_word' id='word_1_160' title='bbox 734 1629 920 1691; x_wconf 82' lang='lat' dir='ltr'><strong>desciverant.</strong></span> <span class='ocrx_word' id='word_1_161' title='bbox 990 1649 1071 1704; x_wconf 90' lang='lat' dir='ltr'><strong>orro,</strong></span> <span class='ocrx_word' id='word_1_162' title='bbox 1100 1631 1230 1694; x_wconf 78' lang='lat' dir='ltr'><strong>victimas</strong></span> 
     </span>
     <span class='ocr_line' id='line_1_19' title="bbox 103 1705 1230 1789; baseline 0.002 -23"><span class='ocrx_word' id='word_1_163' title='bbox 103 1705 156 1766; x_wconf 87' lang='lat' dir='ltr'><strong>sibi</strong></span> <span class='ocrx_word' id='word_1_164' title='bbox 176 1705 286 1766; x_wconf 88' lang='lat' dir='ltr'><strong>oblatas</strong></span> <span class='ocrx_word' id='word_1_165' title='bbox 304 1706 391 1766; x_wconf 83' lang='lat' dir='ltr'><strong>luisse</strong></span> <span class='ocrx_word' id='word_1_166' title='bbox 411 1713 509 1788; x_wconf 72' lang='lat' dir='ltr'><strong>negat,</strong></span> <span class='ocrx_word' id='word_1_167' title='bbox 538 1729 597 1768; x_wconf 91' lang='lat' dir='ltr'><strong>non</strong></span> <span class='ocrx_word' id='word_1_168' title='bbox 616 1709 695 1787; x_wconf 91' lang='lat' dir='ltr'><strong>quod</strong></span> <span class='ocrx_word' id='word_1_169' title='bbox 714 1709 772 1768; x_wconf 89' lang='lat' dir='ltr'><strong>illie</strong></span> <span class='ocrx_word' id='word_1_170' title='bbox 790 1710 868 1768; x_wconf 87' lang='lat' dir='ltr'><strong>nulle</strong></span> <span class='ocrx_word' id='word_1_171' title='bbox 886 1728 1004 1789; x_wconf 89' lang='lat' dir='ltr'><strong>prorsus</strong></span> <span class='ocrx_word' id='word_1_172' title='bbox 1023 1709 1128 1770; x_wconf 84' lang='lat' dir='ltr'><strong>fuerint</strong></span> <span class='ocrx_word' id='word_1_173' title='bbox 1147 1709 1230 1769; x_wconf 91' lang='lat' dir='ltr'><strong>sacri·</strong></span> 
     </span>
     <span class='ocr_line' id='line_1_20' title="bbox 103 1784 1231 1924; baseline 0.002 -78"><span class='ocrx_word' id='word_1_174' title='bbox 103 1785 182 1860; x_wconf 86' lang='lat' dir='ltr'><strong>licia,</strong></span> <span class='ocrx_word' id='word_1_175' title='bbox 211 1784 261 1846; x_wconf 83' lang='lat' dir='ltr'><strong>sed</strong></span> <span class='ocrx_word' id='word_1_176' title='bbox 280 1787 346 1866; x_wconf 92' lang='lat' dir='ltr'><strong>quia</strong></span> <span class='ocrx_word' id='word_1_177' title='bbox 365 1784 446 1846; x_wconf 89' lang='lat' dir='ltr'><strong>Deus</strong></span> <span class='ocrx_word' id='word_1_178' title='bbox 465 1787 653 1848; x_wconf 85' lang='lat' dir='ltr'><strong>adulterinum</strong></span> <span class='ocrx_word' id='word_1_179' title='bbox 671 1787 780 1848; x_wconf 89' lang='lat' dir='ltr'><strong>cultum</strong></span> <span class='ocrx_word' id='word_1_180' title='bbox 799 1787 960 1869; x_wconf 76' lang='lat' dir='ltr'><strong>respuebat,</strong></span> <span class='ocrx_word' id='word_1_181' title='bbox 991 1787 1231 1924; x_wconf 78' lang='lat' dir='ltr'><strong>quemadmodum</strong></span> 
     </span>
     <span class='ocr_line' id='line_1_21' title="bbox 101 1863 1231 1948; baseline 0.002 -22"><span class='ocrx_word' id='word_1_182' title='bbox 101 1872 134 1926; x_wconf 86' lang='lat' dir='ltr'><strong>et</strong></span> <span class='ocrx_word' id='word_1_183' title='bbox 151 1864 228 1944; x_wconf 90' lang='lat' dir='ltr'><strong>apud</strong></span> <span class='ocrx_word' id='word_1_184' title='bbox 247 1863 364 1924; x_wconf 87' lang='lat' dir='ltr'><strong>lesaiam</strong></span> <span class='ocrx_word' id='word_1_185' title='bbox 383 1865 434 1938; x_wconf 70' lang='lat'><strong>43,</strong></span> <span class='ocrx_word' id='word_1_186' title='bbox 451 1870 498 1928; x_wconf 74' lang='grc'><strong>22.</strong></span> <span class='ocrx_word' id='word_1_187' title='bbox 519 1887 555 1928; x_wconf 81' lang='lat' dir='ltr'><strong>ex</strong></span> <span class='ocrx_word' id='word_1_188' title='bbox 577 1867 683 1926; x_wconf 76' lang='lat' dir='ltr'><strong>ustulat</strong></span> <span class='ocrx_word' id='word_1_189' title='bbox 701 1885 768 1926; x_wconf 88' lang='lat' dir='ltr'><strong>oum</strong></span> <span class='ocrx_word' id='word_1_190' title='bbox 787 1865 909 1948; x_wconf 90' lang='lat' dir='ltr'><strong>populo,</strong></span> <span class='ocrx_word' id='word_1_191' title='bbox 934 1887 992 1946; x_wconf 92' lang='lat' dir='ltr'><strong>quo</strong></span> <span class='ocrx_word' id='word_1_192' title='bbox 1035 1867 1121 1926; x_wconf 81' lang='lat' dir='ltr'><strong>uubis</strong></span> <span class='ocrx_word' id='word_1_193' title='bbox 1139 1867 1176 1927; x_wconf 85' lang='lat' dir='ltr'><strong>ab</strong></span> <span class='ocrx_word' id='word_1_194' title='bbox 1194 1885 1231 1928; x_wconf 91' lang='lat' dir='ltr'><strong>eo</strong></span> 
     </span>
     <span class='ocr_line' id='line_1_22' title="bbox 103 1887 1232 2026; baseline 0.002 -22"><span class='ocrx_word' id='word_1_195' title='bbox 103 1945 249 2005; x_wconf 82' lang='lat' dir='ltr'><strong>sacrificiis</strong></span> <span class='ocrx_word' id='word_1_196' title='bbox 268 1944 424 2006; x_wconf 89' lang='lat' dir='ltr'><strong>honoratus</strong></span> <span class='ocrx_word' id='word_1_197' title='bbox 437 1945 530 2006; x_wconf 85' lang='lat' dir='ltr'><strong>luerit.</strong></span> <span class='ocrx_word' id='word_1_198' title='bbox 556 1887 615 2020; x_wconf 60' lang='lat' dir='ltr'><strong>ba,</strong></span> <span class='ocrx_word' id='word_1_199' title='bbox 634 1947 736 2026; x_wconf 80' lang='lat' dir='ltr'><strong>inquit,</strong></span> <span class='ocrx_word' id='word_1_200' title='bbox 755 1967 814 2006; x_wconf 90' lang='lat' dir='ltr'><strong>non</strong></span> <span class='ocrx_word' id='word_1_201' title='bbox 832 1948 969 2004; x_wconf 75' lang='lat' dir='ltr'><strong>invocasti</strong></span> <span class='ocrx_word' id='word_1_202' title='bbox 989 1965 1044 2020; x_wconf 87' lang='lat' dir='ltr'><strong>me,</strong></span> <span class='ocrx_word' id='word_1_203' title='bbox 1063 1944 1157 2019; x_wconf 87' lang='lat' dir='ltr'><strong>Iacob,</strong></span> <span class='ocrx_word' id='word_1_204' title='bbox 1176 1965 1232 2006; x_wconf 87' lang='lat' dir='ltr'><strong>neu</strong></span> 
     </span>
     <span class='ocr_line' id='line_1_23' title="bbox 104 2023 1231 2108; baseline -0.001 -23"><span class='ocrx_word' id='word_1_205' title='bbox 104 2024 249 2100; x_wconf 83' lang='lat' dir='ltr'><strong>sacrifieiis</strong></span> <span class='ocrx_word' id='word_1_206' title='bbox 267 2025 324 2084; x_wconf 90' lang='lat' dir='ltr'><strong>tuis</strong></span> <span class='ocrx_word' id='word_1_207' title='bbox 343 2044 389 2084; x_wconf 88' lang='lat' dir='ltr'><strong>me</strong></span> <span class='ocrx_word' id='word_1_208' title='bbox 408 2023 566 2086; x_wconf 84' lang='lat' dir='ltr'><strong>honorasti:</strong></span> <span class='ocrx_word' id='word_1_209' title='bbox 596 2045 690 2106; x_wconf 87' lang='lat' dir='ltr'><strong>neque</strong></span> <span class='ocrx_word' id='word_1_210' title='bbox 712 2045 767 2108; x_wconf 75' lang='lat' dir='ltr'><strong>ego</strong></span> <span class='ocrx_word' id='word_1_211' title='bbox 791 2026 897 2084; x_wconf 86' lang='lat' dir='ltr'><strong>servire</strong></span> <span class='ocrx_word' id='word_1_212' title='bbox 915 2031 946 2085; x_wconf 89' lang='lat' dir='ltr'><strong>te</strong></span> <span class='ocrx_word' id='word_1_213' title='bbox 965 2023 1018 2084; x_wconf 85' lang='lat' dir='ltr'><strong>leui</strong></span> <span class='ocrx_word' id='word_1_214' title='bbox 1037 2024 1068 2083; x_wconf 90' lang='lat' dir='ltr'><strong>in</strong></span> <span class='ocrx_word' id='word_1_215' title='bbox 1088 2023 1231 2087; x_wconf 89' lang='lat' dir='ltr'><strong>oblatione</strong></span> 
     </span>
     <span class='ocr_line' id='line_1_24' title="bbox 102 2101 1231 2186; baseline -0.004 -21"><span class='ocrx_word' id='word_1_216' title='bbox 102 2103 150 2166; x_wconf 84' lang='lat' dir='ltr'><strong>vel</strong></span> <span class='ocrx_word' id='word_1_217' title='bbox 169 2101 275 2164; x_wconf 85' lang='lat' dir='ltr'><strong>suffitu</strong></span> <span class='ocrx_word' id='word_1_218' title='bbox 305 2101 371 2164; x_wconf 91' lang='lat' dir='ltr'><strong>Nan</strong></span> <span class='ocrx_word' id='word_1_219' title='bbox 390 2106 483 2164; x_wconf 86' lang='lat' dir='ltr'><strong>emisti</strong></span> <span class='ocrx_word' id='word_1_220' title='bbox 501 2105 572 2164; x_wconf 90' lang='lat' dir='ltr'><strong>mihi</strong></span> <span class='ocrx_word' id='word_1_221' title='bbox 591 2106 741 2180; x_wconf 84' lang='lat' dir='ltr'><strong>calamum,</strong></span> <span class='ocrx_word' id='word_1_222' title='bbox 760 2124 853 2186; x_wconf 83' lang='lat' dir='ltr'><strong>neque</strong></span> <span class='ocrx_word' id='word_1_223' title='bbox 872 2103 956 2184; x_wconf 88' lang='lat' dir='ltr'><strong>adipe</strong></span> <span class='ocrx_word' id='word_1_224' title='bbox 974 2104 1081 2164; x_wconf 83' lang='lat' dir='ltr'><strong>satiasti</strong></span> <span class='ocrx_word' id='word_1_225' title='bbox 1099 2123 1155 2163; x_wconf 82' lang='lat' dir='ltr'><strong>me</strong></span> <span class='ocrx_word' id='word_1_226' title='bbox 1183 2102 1231 2162; x_wconf 90' lang='grc' dir='ltr'><strong>Τιι</strong></span> 
     </span>
     <span class='ocr_line' id='line_1_25' title="bbox 101 2181 1230 2264; baseline -0.004 -20"><span class='ocrx_word' id='word_1_227' title='bbox 101 2203 172 2244; x_wconf 86' lang='lat' dir='ltr'><strong>vem</strong></span> <span class='ocrx_word' id='word_1_228' title='bbox 192 2202 330 2244; x_wconf 88' lang='lat' dir='ltr'><strong>onerosus</strong></span> <span class='ocrx_word' id='word_1_229' title='bbox 348 2183 417 2252; x_wconf 88' lang='lat' dir='ltr'><strong>mibi</strong></span> <span class='ocrx_word' id='word_1_230' title='bbox 435 2183 514 2243; x_wconf 81' lang='lat' dir='ltr'><strong>haisti</strong></span> <span class='ocrx_word' id='word_1_231' title='bbox 533 2185 563 2242; x_wconf 91' lang='lat' dir='ltr'><strong>in</strong></span> <span class='ocrx_word' id='word_1_232' title='bbox 582 2186 705 2264; x_wconf 84' lang='lat' dir='ltr'><strong>pereatis</strong></span> <span class='ocrx_word' id='word_1_233' title='bbox 729 2187 800 2260; x_wconf 82' lang='lat' dir='ltr'><strong>mis,</strong></span> <span class='ocrx_word' id='word_1_234' title='bbox 830 2191 859 2244; x_wconf 86' lang='lat' dir='ltr'><strong>et</strong></span> <span class='ocrx_word' id='word_1_235' title='bbox 887 2183 993 2243; x_wconf 87' lang='lat' dir='ltr'><strong>servire</strong></span> <span class='ocrx_word' id='word_1_236' title='bbox 1017 2181 1177 2244; x_wconf 74' lang='lat' dir='ltr'><strong>messuisti</strong></span> <span class='ocrx_word' id='word_1_237' title='bbox 1200 2181 1230 2240; x_wconf 90' lang='lat' dir='ltr'><strong>in</strong></span> 
     </span>
     <span class='ocr_line' id='line_1_26' title="bbox 101 2258 1243 2344; baseline -0.004 -20"><span class='ocrx_word' id='word_1_238' title='bbox 101 2265 160 2324; x_wconf 86' lang='lat' dir='ltr'><strong>tuis</strong></span> <span class='ocrx_word' id='word_1_239' title='bbox 178 2263 217 2322; x_wconf 90' lang='lat' dir='ltr'><strong>ini</strong></span> <span class='ocrx_word' id='word_1_240' title='bbox 258 2262 380 2322; x_wconf 86' lang='lat' dir='ltr'><strong>&#39;tatibus</strong></span> <span class='ocrx_word' id='word_1_241' title='bbox 420 2258 505 2324; x_wconf 84' lang='lat' dir='ltr'><strong>Certe</strong></span> <span class='ocrx_word' id='word_1_242' title='bbox 528 2263 667 2323; x_wconf 88' lang='lat' dir='ltr'><strong>eiusmodi</strong></span> <span class='ocrx_word' id='word_1_243' title='bbox 691 2267 786 2323; x_wconf 90' lang='lat' dir='ltr'><strong>omnia</strong></span> <span class='ocrx_word' id='word_1_244' title='bbox 806 2263 933 2344; x_wconf 85' lang='lat' dir='ltr'><strong>quotidie</strong></span> <span class='ocrx_word' id='word_1_245' title='bbox 950 2261 1057 2321; x_wconf 85' lang='lat' dir='ltr'><strong>fiebant</strong></span> <span class='ocrx_word' id='word_1_246' title='bbox 1076 2279 1093 2320; x_wconf 85' lang='lat' dir='ltr'><strong>a</strong></span> <span class='ocrx_word' id='word_1_247' title='bbox 1112 2261 1243 2338; x_wconf 83' lang='lat' dir='ltr'><strong>latiaeis,¹</strong></span> 
     </span>
     <span class='ocr_line' id='line_1_27' title="bbox 101 2339 1231 2424; baseline -0.004 -20"><span class='ocrx_word' id='word_1_248' title='bbox 101 2343 153 2404; x_wconf 86' lang='lat' dir='ltr'><strong>sed</strong></span> <span class='ocrx_word' id='word_1_249' title='bbox 171 2363 191 2402; x_wconf 92' lang='grc' dir='ltr'><strong>ιι</strong></span> <span class='ocrx_word' id='word_1_250' title='bbox 233 2363 283 2404; x_wconf 90' lang='lat' dir='ltr'><strong>um</strong></span> <span class='ocrx_word' id='word_1_251' title='bbox 301 2341 337 2402; x_wconf 88' lang='lat' dir='ltr'><strong>ab</strong></span> <span class='ocrx_word' id='word_1_252' title='bbox 356 2343 449 2424; x_wconf 90' lang='lat' dir='ltr'><strong>impiis</strong></span> <span class='ocrx_word' id='word_1_253' title='bbox 460 2341 628 2422; x_wconf 86' lang='lat' dir='ltr'><strong>obsequium</strong></span> <span class='ocrx_word' id='word_1_254' title='bbox 640 2343 741 2422; x_wconf 88' lang='lat' dir='ltr'><strong>recipit</strong></span> <span class='ocrx_word' id='word_1_255' title='bbox 750 2343 841 2416; x_wconf 86' lang='lat' dir='ltr'><strong>Deus,</strong></span> <span class='ocrx_word' id='word_1_256' title='bbox 851 2343 898 2400; x_wconf 88' lang='lat' dir='ltr'><strong>vcl</strong></span> <span class='ocrx_word' id='word_1_257' title='bbox 908 2347 1001 2401; x_wconf 88' lang='lat' dir='ltr'><strong>ratam</strong></span> <span class='ocrx_word' id='word_1_258' title='bbox 1016 2340 1111 2413; x_wconf 77' lang='lat' dir='ltr'><strong>ltabet,</strong></span> <span class='ocrx_word' id='word_1_259' title='bbox 1130 2339 1231 2400; x_wconf 90' lang='lat' dir='ltr'><strong>deinde</strong></span> 
     </span>
     <span class='ocr_line' id='line_1_28' title="bbox 102 2418 1231 2502; baseline -0.003 -21"><span class='ocrx_word' id='word_1_260' title='bbox 102 2422 302 2482; x_wconf 88' lang='lat' dir='ltr'><strong>abominantur</strong></span> <span class='ocrx_word' id='word_1_261' title='bbox 330 2423 379 2502; x_wconf 94' lang='lat' dir='ltr'><strong>qui</strong></span> <span class='ocrx_word' id='word_1_262' title='bbox 418 2421 467 2480; x_wconf 90' lang='lat' dir='ltr'><strong>uid</strong></span> <span class='ocrx_word' id='word_1_263' title='bbox 490 2421 656 2480; x_wconf 84' lang='lat' dir='ltr'><strong>adventiciis</strong></span> <span class='ocrx_word' id='word_1_264' title='bbox 680 2423 811 2482; x_wconf 81' lang='lat' dir='ltr'><strong>mixturis</strong></span> <span class='ocrx_word' id='word_1_265' title='bbox 830 2422 974 2482; x_wconf 84' lang='lat' dir='ltr'><strong>foedatum</strong></span> <span class='ocrx_word' id='word_1_266' title='bbox 997 2427 1048 2480; x_wconf 85' lang='lat' dir='ltr'><strong>est.</strong></span> <span class='ocrx_word' id='word_1_267' title='bbox 1096 2418 1130 2480; x_wconf 90' lang='lat' dir='ltr'><strong>lu</strong></span> <span class='ocrx_word' id='word_1_268' title='bbox 1154 2418 1231 2479; x_wconf 88' lang='lat' dir='ltr'><strong>hune</strong></span> 
     </span>
     <span class='ocr_line' id='line_1_29' title="bbox 100 2497 1232 2582; baseline 0 -23"><span class='ocrx_word' id='word_1_269' title='bbox 100 2501 224 2561; x_wconf 87' lang='lat' dir='ltr'><strong>modum</strong></span> <span class='ocrx_word' id='word_1_270' title='bbox 246 2502 329 2561; x_wconf 82' lang='lat' dir='ltr'><strong>etiam</strong></span> <span class='ocrx_word' id='word_1_271' title='bbox 354 2499 391 2559; x_wconf 88' lang='lat' dir='ltr'><strong>de</strong></span> <span class='ocrx_word' id='word_1_272' title='bbox 434 2500 541 2560; x_wconf 82' lang='lat' dir='ltr'><strong>utribus</strong></span> <span class='ocrx_word' id='word_1_273' title='bbox 564 2502 701 2582; x_wconf 87' lang='lat' dir='ltr'><strong>apostatis</strong></span> <span class='ocrx_word' id='word_1_274' title='bbox 725 2501 853 2581; x_wconf 92' lang='lat' dir='ltr'><strong>loquitur</strong></span> <span class='ocrx_word' id='word_1_275' title='bbox 869 2499 968 2561; x_wconf 84' lang='lat' dir='ltr'><strong>Amos.</strong></span> <span class='ocrx_word' id='word_1_276' title='bbox 993 2543 996 2552; x_wconf 81' lang='lat'><em>·</em></span> <span class='ocrx_word' id='word_1_277' title='bbox 1018 2497 1107 2578; x_wconf 83' lang='lat' dir='ltr'><strong>Quod</strong></span> <span class='ocrx_word' id='word_1_278' title='bbox 1135 2499 1232 2560; x_wconf 85' lang='lat' dir='ltr'><strong>statim</strong></span> 
     </span>
     <span class='ocr_line' id='line_1_30' title="bbox 105 2578 1033 2662; baseline -0.001 -24"><span class='ocrx_word' id='word_1_279' title='bbox 105 2578 260 2654; x_wconf 85' lang='lat' dir='ltr'><strong>subiicitur,</strong></span> <span class='ocrx_word' id='word_1_280' title='bbox 278 2579 325 2640; x_wconf 85' lang='lat' dir='ltr'><strong>vel</strong></span> <span class='ocrx_word' id='word_1_281' title='bbox 344 2580 380 2639; x_wconf 88' lang='lat' dir='ltr'><strong>ad</strong></span> <span class='ocrx_word' id='word_1_282' title='bbox 400 2579 515 2662; x_wconf 68' lang='lat' dir='ltr'><strong>eosdem</strong></span> <span class='ocrx_word' id='word_1_283' title='bbox 534 2582 582 2640; x_wconf 89' lang='lat' dir='ltr'><strong>vel</strong></span> <span class='ocrx_word' id='word_1_284' title='bbox 601 2579 638 2640; x_wconf 93' lang='lat' dir='ltr'><strong>ad</strong></span> <span class='ocrx_word' id='word_1_285' title='bbox 657 2587 787 2660; x_wconf 85' lang='lat' dir='ltr'><strong>posteros</strong></span> <span class='ocrx_word' id='word_1_286' title='bbox 807 2579 905 2640; x_wconf 84' lang='lat' dir='ltr'><strong>reterri</strong></span> <span class='ocrx_word' id='word_1_287' title='bbox 924 2585 1033 2662; x_wconf 84' lang='lat' dir='ltr'><strong>potest:</strong></span> 
     </span>
    </p>

    <p class='ocr_par' dir='ltr' id='par_1_5' title="bbox 102 2655 1324 2899">
     <span class='ocr_line' id='line_1_31' title="bbox 171 2655 1231 2752; baseline -0.002 -32"><span class='ocrx_word' id='word_1_288' title='bbox 171 2658 232 2752; x_wconf 34' lang='lat'><strong>⁶43.</strong></span> <span class='ocrx_word' id='word_1_289' title='bbox 270 2661 437 2720; x_wconf 75' lang='lat' dir='ltr'><strong>Sastatistts</strong></span> <span class='ocrx_word' id='word_1_290' title='bbox 455 2662 675 2722; x_wconf 76' lang='lat' dir='ltr'><strong>tabernaculam</strong></span> <span class='ocrx_word' id='word_1_291' title='bbox 693 2663 827 2721; x_wconf 72' lang='lat' dir='ltr'><strong>Moneta</strong></span> <span class='ocrx_word' id='word_1_292' title='bbox 866 2658 1017 2740; x_wconf 80' lang='lat' dir='ltr'><strong>Copulam,</strong></span> <span class='ocrx_word' id='word_1_293' title='bbox 1036 2655 1231 2743; x_wconf 75' lang='lat' dir='ltr'><strong>adversativae</strong></span> 
     </span>
     <span class='ocr_line' id='line_1_32' title="bbox 102 2736 1324 2899; baseline 0.002 -21"><span class='ocrx_word' id='word_1_294' title='bbox 102 2737 863 2899; x_wconf 59' lang='lat' dir='ltr'><strong>{iiiiiiiiidmi&#39;dffl&#39;i‘lii‘iil</strong></span> <span class='ocrx_word' id='word_1_295' title='bbox 876 2736 1231 2891; x_wconf 63' lang='lat' dir='ltr'><strong>ittadtltftt</strong></span> <span class='ocrx_word' id='word_1_296' title='bbox 1319 2870 1324 2880; x_wconf 87' lang='grc'><em>,</em></span> 
     </span>
    </p>
   </div>
   <div class='ocr_carea' id='block_1_3' title="bbox 101 2893 1331 2979">
    <p class='ocr_par' dir='ltr' id='par_1_6' title="bbox 101 2893 1331 2979">
     <span class='ocr_line' id='line_1_33' title="bbox 101 2893 1331 2979; baseline 0 -23"><span class='ocrx_word' id='word_1_297' title='bbox 101 2896 204 2959; x_wconf 82' lang='grc' dir='ltr'>ιιιιιιιοι</span> <span class='ocrx_word' id='word_1_298' title='bbox 244 2893 310 2957; x_wconf 86' lang='grc' dir='ltr'>Νοιι</span> <span class='ocrx_word' id='word_1_299' title='bbox 329 2897 398 2957; x_wconf 91' lang='lat' dir='ltr'><strong>mihi</strong></span> <span class='ocrx_word' id='word_1_300' title='bbox 418 2899 558 2960; x_wconf 88' lang='lat' dir='ltr'><strong>obtulistis</strong></span> <span class='ocrx_word' id='word_1_301' title='bbox 583 2899 733 2973; x_wconf 82' lang='lat' dir='ltr'><strong>sacrificia,</strong></span> <span class='ocrx_word' id='word_1_302' title='bbox 762 2901 898 2979; x_wconf 88' lang='lat' dir='ltr'><strong>quoniam</strong></span> <span class='ocrx_word' id='word_1_303' title='bbox 920 2905 1049 2960; x_wconf 89' lang='lat' dir='ltr'><strong>ereetum</strong></span> <span class='ocrx_word' id='word_1_304' title='bbox 1068 2897 1123 2956; x_wconf 83' lang='lat' dir='ltr'><strong>luit</strong></span> <span class='ocrx_word' id='word_1_305' title='bbox 1143 2913 1161 2956; x_wconf 90' lang='lat' dir='ltr'><strong>a</strong></span> <span class='ocrx_word' id='word_1_306' title='bbox 1179 2913 1238 2970; x_wconf 50' lang='lat' dir='ltr'><strong>va·¹</strong></span> <span class='ocrx_word' id='word_1_307' title='bbox 1274 2909 1278 2920; x_wconf 87' lang='grc'><strong>’</strong></span> <span class='ocrx_word' id='word_1_308' title='bbox 1327 2957 1331 2970; x_wconf 79' lang='grc'>,</span> 
     </span>
    </p>
   </div>
   <div class='ocr_carea' id='block_1_4' title="bbox 62 2973 1271 4480">
    <p class='ocr_par' dir='ltr' id='par_1_7' title="bbox 62 2973 1271 4480">
     <span class='ocr_line' id='line_1_34' title="bbox 101 2973 1231 3059; baseline -0.004 -23"><span class='ocrx_word' id='word_1_309' title='bbox 101 2976 146 3036; x_wconf 85' lang='lat' dir='ltr'><strong>bis</strong></span> <span class='ocrx_word' id='word_1_310' title='bbox 176 2973 388 3038; x_wconf 80' lang='lat' dir='ltr'><strong>tabernaculum</strong></span> <span class='ocrx_word' id='word_1_311' title='bbox 416 2975 541 3038; x_wconf 82' lang='lat' dir='ltr'><strong>Molocb.</strong></span> <span class='ocrx_word' id='word_1_312' title='bbox 596 2976 659 3057; x_wconf 76' lang='lat' dir='ltr'><strong>ago</strong></span> <span class='ocrx_word' id='word_1_313' title='bbox 688 2985 785 3038; x_wconf 89' lang='lat' dir='ltr'><strong>autem</strong></span> <span class='ocrx_word' id='word_1_314' title='bbox 812 2978 909 3059; x_wconf 87' lang='lat' dir='ltr'><strong>paullo</strong></span> <span class='ocrx_word' id='word_1_315' title='bbox 938 2979 1019 3037; x_wconf 87' lang='lat' dir='ltr'><strong>aliter</strong></span> <span class='ocrx_word' id='word_1_316' title='bbox 1046 2979 1231 3056; x_wconf 81' lang='lat' dir='ltr'><strong>interpretor:</strong></span> 
     </span>
     <span class='ocr_line' id='line_1_35' title="bbox 100 3053 1231 3133; baseline -0.004 -18"><span class='ocrx_word' id='word_1_317' title='bbox 100 3053 193 3133; x_wconf 84' lang='lat' dir='ltr'><strong>Quod</strong></span> <span class='ocrx_word' id='word_1_318' title='bbox 213 3055 318 3116; x_wconf 87' lang='lat' dir='ltr'><strong>scilieet</strong></span> <span class='ocrx_word' id='word_1_319' title='bbox 336 3057 450 3118; x_wconf 85' lang='lat' dir='ltr'><strong>maioris</strong></span> <span class='ocrx_word' id='word_1_320' title='bbox 468 3056 664 3118; x_wconf 84' lang='lat' dir='ltr'><strong>vehementiae</strong></span> <span class='ocrx_word' id='word_1_321' title='bbox 682 3075 768 3117; x_wconf 88' lang='lat' dir='ltr'><strong>caasa</strong></span> <span class='ocrx_word' id='word_1_322' title='bbox 787 3056 868 3116; x_wconf 87' lang='lat' dir='ltr'><strong>Deus</strong></span> <span class='ocrx_word' id='word_1_323' title='bbox 886 3057 967 3115; x_wconf 90' lang='lat' dir='ltr'><strong>initio</strong></span> <span class='ocrx_word' id='word_1_324' title='bbox 985 3055 1085 3115; x_wconf 84' lang='lat' dir='ltr'><strong>Patres</strong></span> <span class='ocrx_word' id='word_1_325' title='bbox 1104 3059 1231 3113; x_wconf 84' lang='lat' dir='ltr'><strong>aceaset=</strong></span> 
     </span>
     <span class='ocr_line' id='line_1_36' title="bbox 99 3133 1233 3230; baseline -0.004 -35"><span class='ocrx_word' id='word_1_326' title='bbox 99 3135 206 3195; x_wconf 86' lang='lat' dir='ltr'><strong>deinde</strong></span> <span class='ocrx_word' id='word_1_327' title='bbox 225 3141 353 3216; x_wconf 87' lang='lat' dir='ltr'><strong>posteros</strong></span> <span class='ocrx_word' id='word_1_328' title='bbox 372 3137 501 3198; x_wconf 89' lang='lat' dir='ltr'><strong>subiiciat</strong></span> <span class='ocrx_word' id='word_1_329' title='bbox 520 3138 550 3196; x_wconf 88' lang='lat' dir='ltr'><strong>in</strong></span> <span class='ocrx_word' id='word_1_330' title='bbox 569 3137 691 3206; x_wconf 84' lang='lat' dir='ltr'><strong>deterius</strong></span> <span class='ocrx_word' id='word_1_331' title='bbox 710 3135 923 3230; x_wconf 87' lang='lat' dir='ltr'><strong>superstitiones</strong></span> <span class='ocrx_word' id='word_1_332' title='bbox 942 3135 1069 3207; x_wconf 81' lang='lat' dir='ltr'><strong>auxisse,</strong></span> <span class='ocrx_word' id='word_1_333' title='bbox 1096 3133 1233 3210; x_wconf 72' lang='lat' dir='ltr'><strong>quorum</strong></span> 
     </span>
     <span class='ocr_line' id='line_1_37' title="bbox 100 3209 1247 3292; baseline -0.005 -18"><span class='ocrx_word' id='word_1_334' title='bbox 100 3235 180 3274; x_wconf 87' lang='lat' dir='ltr'><strong>aava</strong></span> <span class='ocrx_word' id='word_1_335' title='bbox 199 3221 230 3275; x_wconf 90' lang='lat' dir='ltr'><strong>et</strong></span> <span class='ocrx_word' id='word_1_336' title='bbox 250 3217 327 3275; x_wconf 80' lang='lat' dir='ltr'><strong>varia</strong></span> <span class='ocrx_word' id='word_1_337' title='bbox 346 3215 422 3275; x_wconf 91' lang='lat' dir='ltr'><strong>idola</strong></span> <span class='ocrx_word' id='word_1_338' title='bbox 441 3215 494 3275; x_wconf 87' lang='lat' dir='ltr'><strong>sibi</strong></span> <span class='ocrx_word' id='word_1_339' title='bbox 513 3217 679 3286; x_wconf 75' lang='lat' dir='ltr'><strong>asciverint,</strong></span> <span class='ocrx_word' id='word_1_340' title='bbox 703 3233 762 3274; x_wconf 85' lang='lat' dir='ltr'><strong>acer</strong></span> <span class='ocrx_word' id='word_1_341' title='bbox 779 3215 820 3274; x_wconf 92' lang='lat' dir='ltr'><strong>ita</strong></span> <span class='ocrx_word' id='word_1_342' title='bbox 840 3214 976 3292; x_wconf 88' lang='lat' dir='ltr'><strong>loquutus</strong></span> <span class='ocrx_word' id='word_1_343' title='bbox 995 3217 1069 3271; x_wconf 86' lang='lat' dir='ltr'><strong>esset</strong></span> <span class='ocrx_word' id='word_1_344' title='bbox 1086 3209 1247 3290; x_wconf 63' lang='lat' dir='ltr'><strong>Propheta*</strong></span> 
     </span>
     <span class='ocr_line' id='line_1_38' title="bbox 100 3291 1233 3374; baseline -0.008 -20"><span class='ocrx_word' id='word_1_345' title='bbox 100 3295 133 3354; x_wconf 89' lang='lat' dir='ltr'><strong>in</strong></span> <span class='ocrx_word' id='word_1_346' title='bbox 152 3313 275 3374; x_wconf 81' lang='lat' dir='ltr'><strong>persam</strong></span> <span class='ocrx_word' id='word_1_347' title='bbox 293 3293 362 3355; x_wconf 77' lang='lat' dir='ltr'><strong>Deir</strong></span> <span class='ocrx_word' id='word_1_348' title='bbox 397 3295 430 3354; x_wconf 91' lang='lat' dir='ltr'><strong>Si</strong></span> <span class='ocrx_word' id='word_1_349' title='bbox 449 3295 485 3353; x_wconf 92' lang='lat' dir='ltr'><strong>ab</strong></span> <span class='ocrx_word' id='word_1_350' title='bbox 506 3294 605 3353; x_wconf 87' lang='lat' dir='ltr'><strong>ultima</strong></span> <span class='ocrx_word' id='word_1_351' title='bbox 626 3300 766 3352; x_wconf 84' lang='lat' dir='ltr'><strong>vetustata</strong></span> <span class='ocrx_word' id='word_1_352' title='bbox 785 3299 921 3374; x_wconf 85' lang='lat' dir='ltr'><strong>repetam,</strong></span> <span class='ocrx_word' id='word_1_353' title='bbox 951 3291 1073 3372; x_wconf 85' lang='lat' dir='ltr'><strong>qualiter</strong></span> <span class='ocrx_word' id='word_1_354' title='bbox 1092 3307 1123 3349; x_wconf 87' lang='lat' dir='ltr'><strong>se</strong></span> <span class='ocrx_word' id='word_1_355' title='bbox 1142 3305 1233 3368; x_wconf 75' lang='lat' dir='ltr'><strong>geram</strong></span> 
     </span>
     <span class='ocr_line' id='line_1_39' title="bbox 62 3365 1232 3454; baseline -0.009 -20"><span class='ocrx_word' id='word_1_356' title='bbox 62 3381 73 3388; x_wconf 82' lang='lat'><strong>&#39;</strong></span> <span class='ocrx_word' id='word_1_357' title='bbox 100 3380 233 3434; x_wconf 77' lang='lat' dir='ltr'><strong>vestrm</strong></span> <span class='ocrx_word' id='word_1_358' title='bbox 251 3393 317 3454; x_wconf 74' lang='lat' dir='ltr'><strong>erga</strong></span> <span class='ocrx_word' id='word_1_359' title='bbox 331 3393 383 3434; x_wconf 64' lang='lat' dir='ltr'><strong>⁴me</strong></span> <span class='ocrx_word' id='word_1_360' title='bbox 402 3375 529 3454; x_wconf 77' lang='lat' dir='ltr'><strong>gesserit,</strong></span> <span class='ocrx_word' id='word_1_361' title='bbox 559 3393 577 3432; x_wconf 93' lang='grc' dir='ltr'>ο</span> <span class='ocrx_word' id='word_1_362' title='bbox 597 3373 700 3432; x_wconf 91' lang='lat' dir='ltr'><strong>domus</strong></span> <span class='ocrx_word' id='word_1_363' title='bbox 718 3370 812 3446; x_wconf 79' lang='lat' dir='ltr'><strong>heah,</strong></span> <span class='ocrx_word' id='word_1_364' title='bbox 841 3371 898 3430; x_wconf 91' lang='lat' dir='ltr'><strong>iam</strong></span> <span class='ocrx_word' id='word_1_365' title='bbox 917 3371 1029 3450; x_wconf 86' lang='lat' dir='ltr'><strong>inipso</strong></span> <span class='ocrx_word' id='word_1_366' title='bbox 1048 3368 1159 3428; x_wconf 86' lang='lat' dir='ltr'><strong>deserto</strong></span> <span class='ocrx_word' id='word_1_367' title='bbox 1178 3365 1232 3424; x_wconf 89' lang='lat' dir='ltr'><strong>Pa·</strong></span> 
     </span>
     <span class='ocr_line' id='line_1_40' title="bbox 98 3453 1233 3532; baseline -0.005 -18"><span class='ocrx_word' id='word_1_368' title='bbox 98 3459 160 3514; x_wconf 83' lang='lat' dir='ltr'><strong>tres</strong></span> <span class='ocrx_word' id='word_1_369' title='bbox 179 3455 266 3513; x_wconf 80' lang='lat' dir='ltr'><strong>vestri</strong></span> <span class='ocrx_word' id='word_1_370' title='bbox 285 3453 448 3514; x_wconf 86' lang='lat' dir='ltr'><strong>mandatam</strong></span> <span class='ocrx_word' id='word_1_371' title='bbox 468 3472 485 3512; x_wconf 91' lang='lat' dir='ltr'><strong>a</strong></span> <span class='ocrx_word' id='word_1_372' title='bbox 504 3471 552 3512; x_wconf 91' lang='lat' dir='ltr'><strong>me</strong></span> <span class='ocrx_word' id='word_1_373' title='bbox 571 3453 678 3511; x_wconf 83' lang='lat' dir='ltr'><strong>cultum</strong></span> <span class='ocrx_word' id='word_1_374' title='bbox 698 3468 880 3532; x_wconf 78' lang='lat' dir='ltr'><strong>oomompere</strong></span> <span class='ocrx_word' id='word_1_375' title='bbox 899 3455 1113 3530; x_wconf 82' lang='lat' dir='ltr'><strong>ao&#39;pervertere</strong></span> <span class='ocrx_word' id='word_1_376' title='bbox 1132 3463 1233 3524; x_wconf 80' lang='lat' dir='ltr'><strong>eoepe-</strong></span> 
     </span>
     <span class='ocr_line' id='line_1_41' title="bbox 98 3524 1253 3613; baseline -0.009 -20"><span class='ocrx_word' id='word_1_377' title='bbox 98 3538 185 3593; x_wconf 77' lang='lat' dir='ltr'><strong>runt:</strong></span> <span class='ocrx_word' id='word_1_378' title='bbox 214 3532 265 3593; x_wconf 89' lang='lat' dir='ltr'><strong>sed</strong></span> <span class='ocrx_word' id='word_1_379' title='bbox 288 3552 349 3593; x_wconf 82' lang='lat' dir='ltr'><strong>vos¹</strong></span> <span class='ocrx_word' id='word_1_380' title='bbox 369 3533 484 3593; x_wconf 90' lang='lat' dir='ltr'><strong>illorum</strong></span> <span class='ocrx_word' id='word_1_381' title='bbox 508 3533 683 3613; x_wconf 85' lang='lat' dir='ltr'><strong>impietatem</strong></span> <span class='ocrx_word' id='word_1_382' title='bbox 706 3531 827 3603; x_wconf 87' lang='lat' dir='ltr'><strong>vicistis,</strong></span> <span class='ocrx_word' id='word_1_383' title='bbox 854 3547 923 3606; x_wconf 82' lang='lat' dir='ltr'><strong>nam</strong></span> <span class='ocrx_word' id='word_1_384' title='bbox 945 3532 1094 3588; x_wconf 87' lang='lat' dir='ltr'><strong>innumera</strong></span> <span class='ocrx_word' id='word_1_385' title='bbox 1112 3524 1253 3606; x_wconf 80' lang='lat' dir='ltr'><strong>deorum</strong></span> 
     </span>
     <span class='ocr_line' id='line_1_42' title="bbox 97 3601 1234 3690; baseline -0.008 -19"><span class='ocrx_word' id='word_1_386' title='bbox 97 3611 188 3672; x_wconf 82' lang='lat' dir='ltr'><strong>turba</strong></span> <span class='ocrx_word' id='word_1_387' title='bbox 206 3628 225 3671; x_wconf 88' lang='lat' dir='ltr'><strong>a</strong></span> <span class='ocrx_word' id='word_1_388' title='bbox 243 3611 325 3672; x_wconf 85' lang='lat' dir='ltr'><strong>vobis</strong></span> <span class='ocrx_word' id='word_1_389' title='bbox 343 3612 455 3674; x_wconf 83' lang='lat' dir='ltr'><strong>invecta</strong></span> <span class='ocrx_word' id='word_1_390' title='bbox 474 3618 525 3671; x_wconf 88' lang='lat' dir='ltr'><strong>est.</strong></span> <span class='ocrx_word' id='word_1_391' title='bbox 554 3675 557 3682; x_wconf 66' lang='grc'>,</span> <span class='ocrx_word' id='word_1_392' title='bbox 574 3610 672 3690; x_wconf 84' lang='lat' dir='ltr'><strong>Atque</strong></span> <span class='ocrx_word' id='word_1_393' title='bbox 695 3607 742 3670; x_wconf 89' lang='lat' dir='ltr'><strong>hie</strong></span> <span class='ocrx_word' id='word_1_394' title='bbox 765 3609 837 3672; x_wconf 89' lang='lat' dir='ltr'><strong>ordo</strong></span> <span class='ocrx_word' id='word_1_395' title='bbox 861 3609 897 3668; x_wconf 87' lang='lat' dir='ltr'><strong>ad</strong></span> <span class='ocrx_word' id='word_1_396' title='bbox 916 3610 1077 3688; x_wconf 74' lang='lat' dir='ltr'><strong>iustitutum</strong></span> <span class='ocrx_word' id='word_1_397' title='bbox 1094 3601 1234 3685; x_wconf 83' lang='lat' dir='ltr'><strong>Stephani</strong></span> 
     </span>
     <span class='ocr_line' id='line_1_43' title="bbox 99 3682 1234 3822; baseline -0.007 -72"><span class='ocrx_word' id='word_1_398' title='bbox 99 3691 207 3751; x_wconf 89' lang='lat' dir='ltr'><strong>melius</strong></span> <span class='ocrx_word' id='word_1_399' title='bbox 226 3692 356 3772; x_wconf 87' lang='lat' dir='ltr'><strong>quadrat</strong></span> <span class='ocrx_word' id='word_1_400' title='bbox 396 3691 468 3752; x_wconf 81' lang='lat' dir='ltr'><strong>Vult</strong></span> <span class='ocrx_word' id='word_1_401' title='bbox 485 3692 561 3751; x_wconf 88' lang='lat' dir='ltr'><strong>enim</strong></span> <span class='ocrx_word' id='word_1_402' title='bbox 580 3691 715 3772; x_wconf 88' lang='lat' dir='ltr'><strong>probare,</strong></span> <span class='ocrx_word' id='word_1_403' title='bbox 733 3695 766 3748; x_wconf 89' lang='grc' dir='ltr'><strong>ιιι</strong></span> <span class='ocrx_word' id='word_1_404' title='bbox 784 3689 842 3749; x_wconf 90' lang='lat' dir='ltr'><strong>iam</strong></span> <span class='ocrx_word' id='word_1_405' title='bbox 861 3689 970 3751; x_wconf 82' lang='lat' dir='ltr'><strong>dietum</strong></span> <span class='ocrx_word' id='word_1_406' title='bbox 988 3693 1045 3754; x_wconf 82' lang='lat' dir='ltr'><strong>est,</strong></span> <span class='ocrx_word' id='word_1_407' title='bbox 1068 3705 1105 3746; x_wconf 82' lang='lat' dir='ltr'><strong>ex</strong></span> <span class='ocrx_word' id='word_1_408' title='bbox 1123 3703 1187 3822; x_wconf 80' lang='lat' dir='ltr'><strong>quq</strong></span> <span class='ocrx_word' id='word_1_409' title='bbox 1202 3682 1234 3742; x_wconf 88' lang='lat' dir='ltr'><strong>iu</strong></span> 
     </span>
     <span class='ocr_line' id='line_1_44' title="bbox 99 3765 1235 3852; baseline -0.006 -24"><span class='ocrx_word' id='word_1_410' title='bbox 99 3769 213 3829; x_wconf 85' lang='lat' dir='ltr'><strong>alienos</strong></span> <span class='ocrx_word' id='word_1_411' title='bbox 236 3789 271 3830; x_wconf 87' lang='lat' dir='ltr'><strong>ao</strong></span> <span class='ocrx_word' id='word_1_412' title='bbox 294 3771 446 3852; x_wconf 77' lang='lat' dir='ltr'><strong>degeneres</strong></span> <span class='ocrx_word' id='word_1_413' title='bbox 470 3771 541 3830; x_wconf 90' lang='lat' dir='ltr'><strong>ritus</strong></span> <span class='ocrx_word' id='word_1_414' title='bbox 565 3767 692 3851; x_wconf 87' lang='lat' dir='ltr'><strong>prolapsi</strong></span> <span class='ocrx_word' id='word_1_415' title='bbox 721 3775 788 3829; x_wconf 83' lang='grc' dir='ltr'>ιιιιιι</span> <span class='ocrx_word' id='word_1_416' title='bbox 811 3767 966 3841; x_wconf 86' lang='lat' dir='ltr'><strong>israelitae,</strong></span> <span class='ocrx_word' id='word_1_417' title='bbox 994 3765 1106 3828; x_wconf 86' lang='lat' dir='ltr'><strong>nullum</strong></span> <span class='ocrx_word' id='word_1_418' title='bbox 1146 3779 1235 3822; x_wconf 82' lang='lat' dir='ltr'><strong>eusse</strong></span> 
     </span>
     <span class='ocr_line' id='line_1_45' title="bbox 211 3839 1233 3928; baseline -0.008 -20"><span class='ocrx_word' id='word_1_419' title='bbox 211 3849 243 3908; x_wconf 88' lang='lat' dir='ltr'><strong>di</strong></span> <span class='ocrx_word' id='word_1_420' title='bbox 260 3849 393 3925; x_wconf 83' lang='grc' dir='ltr'>ιιιιιιιιιιιι,</span> <span class='ocrx_word' id='word_1_421' title='bbox 417 3849 469 3912; x_wconf 90' lang='lat' dir='ltr'><strong>sed</strong></span> <span class='ocrx_word' id='word_1_422' title='bbox 487 3851 624 3910; x_wconf 84' lang='lat' dir='ltr'><strong>coecitate</strong></span> <span class='ocrx_word' id='word_1_423' title='bbox 643 3869 660 3909; x_wconf 91' lang='lat' dir='ltr'><strong>a</strong></span> <span class='ocrx_word' id='word_1_424' title='bbox 679 3847 745 3908; x_wconf 93' lang='lat' dir='ltr'><strong>Deo</strong></span> <span class='ocrx_word' id='word_1_425' title='bbox 763 3865 914 3928; x_wconf 86' lang='lat' dir='ltr'><strong>percussos</strong></span> <span class='ocrx_word' id='word_1_426' title='bbox 933 3847 1016 3907; x_wconf 81' lang='lat' dir='ltr'><strong>novis</strong></span> <span class='ocrx_word' id='word_1_427' title='bbox 1036 3841 1155 3904; x_wconf 88' lang='lat' dir='ltr'><strong>subinde</strong></span> <span class='ocrx_word' id='word_1_428' title='bbox 1173 3839 1233 3901; x_wconf 91' lang='lat' dir='ltr'><strong>ido-</strong></span> 
     </span>
     <span class='ocr_line' id='line_1_46' title="bbox 111 3925 1271 4010; baseline -0.005 -24"><span class='ocrx_word' id='word_1_429' title='bbox 111 3927 223 3988; x_wconf 87' lang='lat' dir='ltr'><strong>olatriis</strong></span> <span class='ocrx_word' id='word_1_430' title='bbox 252 3947 284 3988; x_wconf 89' lang='lat' dir='ltr'><strong>se</strong></span> <span class='ocrx_word' id='word_1_431' title='bbox 312 3929 463 4010; x_wconf 85' lang='lat' dir='ltr'><strong>polluisse,</strong></span> <span class='ocrx_word' id='word_1_432' title='bbox 492 3929 584 3990; x_wconf 88' lang='lat' dir='ltr'><strong>donee</strong></span> <span class='ocrx_word' id='word_1_433' title='bbox 613 3929 650 3988; x_wconf 90' lang='lat' dir='ltr'><strong>ad</strong></span> <span class='ocrx_word' id='word_1_434' title='bbox 672 3936 833 3988; x_wconf 81' lang='lat' dir='ltr'><strong>extremum</strong></span> <span class='ocrx_word' id='word_1_435' title='bbox 863 3927 1015 4008; x_wconf 84' lang='lat' dir='ltr'><strong>impietatis</strong></span> <span class='ocrx_word' id='word_1_436' title='bbox 1038 3930 1157 3984; x_wconf 88' lang='lat' dir='ltr'><strong>ventum</strong></span> <span class='ocrx_word' id='word_1_437' title='bbox 1181 3925 1233 3980; x_wconf 83' lang='lat' dir='ltr'><strong>eat.</strong></span> <span class='ocrx_word' id='word_1_438' title='bbox 1263 3935 1271 3957; x_wconf 83' lang='lat'><strong>¹</strong></span> 
     </span>
     <span class='ocr_line' id='line_1_47' title="bbox 97 4003 1235 4104; baseline -0.005 -39"><span class='ocrx_word' id='word_1_439' title='bbox 97 4005 183 4088; x_wconf 63' lang='lat' dir='ltr'><strong>Ergo</strong></span> <span class='ocrx_word' id='word_1_440' title='bbox 201 4005 366 4087; x_wconf 83' lang='lat' dir='ltr'><strong>Stephanus</strong></span> <span class='ocrx_word' id='word_1_441' title='bbox 380 4007 541 4092; x_wconf 79' lang='lat' dir='ltr'><strong>l&#39;rophetae</strong></span> <span class='ocrx_word' id='word_1_442' title='bbox 558 4009 721 4068; x_wconf 89' lang='lat' dir='ltr'><strong>testimonio</strong></span> <span class='ocrx_word' id='word_1_443' title='bbox 741 4008 908 4068; x_wconf 88' lang='lat' dir='ltr'><strong>senteutiam</strong></span> <span class='ocrx_word' id='word_1_444' title='bbox 927 4005 1001 4066; x_wconf 87' lang='lat' dir='ltr'><strong>banc</strong></span> <span class='ocrx_word' id='word_1_445' title='bbox 1020 4003 1148 4104; x_wconf 84' lang='lat' dir='ltr'><strong>apposita</strong></span> <span class='ocrx_word' id='word_1_446' title='bbox 1167 4019 1235 4061; x_wconf 91' lang='lat' dir='ltr'><strong>con·</strong></span> 
     </span>
     <span class='ocr_line' id='line_1_48' title="bbox 96 4079 1236 4167; baseline -0.006 -21"><span class='ocrx_word' id='word_1_447' title='bbox 96 4085 215 4163; x_wconf 81' lang='lat' dir='ltr'><strong>firmat,</strong></span> <span class='ocrx_word' id='word_1_448' title='bbox 244 4087 324 4167; x_wconf 91' lang='lat' dir='ltr'><strong>quod</strong></span> <span class='ocrx_word' id='word_1_449' title='bbox 347 4086 445 4148; x_wconf 88' lang='lat' dir='ltr'><strong>ludaei</strong></span> <span class='ocrx_word' id='word_1_450' title='bbox 467 4107 506 4148; x_wconf 87' lang='lat' dir='ltr'><strong>ex</strong></span> <span class='ocrx_word' id='word_1_451' title='bbox 530 4083 663 4147; x_wconf 85' lang='lat' dir='ltr'><strong>Patribus</strong></span> <span class='ocrx_word' id='word_1_452' title='bbox 691 4087 784 4167; x_wconf 88' lang='lat' dir='ltr'><strong>impiis</strong></span> <span class='ocrx_word' id='word_1_453' title='bbox 813 4105 848 4146; x_wconf 88' lang='lat' dir='ltr'><strong>ae</strong></span> <span class='ocrx_word' id='word_1_454' title='bbox 875 4087 1062 4166; x_wconf 77' lang='lat' dir='ltr'><strong>immorigeros</strong></span> <span class='ocrx_word' id='word_1_455' title='bbox 1086 4079 1236 4166; x_wconf 79' lang='lat' dir='ltr'><strong>progeniti,</strong></span> 
     </span>
     <span class='ocr_line' id='line_1_49' title="bbox 95 4159 1236 4249; baseline -0.006 -22"><span class='ocrx_word' id='word_1_456' title='bbox 95 4171 201 4227; x_wconf 75' lang='lat' dir='ltr'><strong>tarum</strong></span> <span class='ocrx_word' id='word_1_457' title='bbox 230 4165 261 4226; x_wconf 84' lang='lat' dir='ltr'><strong>io</strong></span> <span class='ocrx_word' id='word_1_458' title='bbox 290 4167 371 4249; x_wconf 87' lang='lat' dir='ltr'><strong>peius</strong></span> <span class='ocrx_word' id='word_1_459' title='bbox 393 4185 484 4227; x_wconf 83' lang='lat' dir='ltr'><strong>mero</strong></span> <span class='ocrx_word' id='word_1_460' title='bbox 510 4185 658 4248; x_wconf 87' lang='lat' dir='ltr'><strong>nunqnam</strong></span> <span class='ocrx_word' id='word_1_461' title='bbox 680 4175 850 4227; x_wconf 67' lang='lat' dir='ltr'><strong>r(seruassent.</strong></span> <span class='ocrx_word' id='word_1_462' title='bbox 905 4163 1071 4240; x_wconf 73' lang='lat' dir='ltr'><strong>Cretum,</strong></span> <span class='ocrx_word' id='word_1_463' title='bbox 1106 4159 1236 4242; x_wconf 73' lang='lat' dir='ltr'><strong>qrramvie</strong></span> 
     </span>
     <span class='ocr_line' id='line_1_50' title="bbox 97 4239 1236 4383; baseline -0.006 -77"><span class='ocrx_word' id='word_1_464' title='bbox 97 4245 194 4383; x_wconf 63' lang='lat' dir='ltr'><strong>pqulo</strong></span> <span class='ocrx_word' id='word_1_465' title='bbox 212 4243 327 4312; x_wconf 83' lang='lat' dir='ltr'><strong>¹diversa</strong></span> <span class='ocrx_word' id='word_1_466' title='bbox 345 4247 404 4306; x_wconf 87' lang='lat' dir='ltr'><strong>sint</strong></span> <span class='ocrx_word' id='word_1_467' title='bbox 422 4245 582 4328; x_wconf 86' lang='lat' dir='ltr'><strong>Prophetas</strong></span> <span class='ocrx_word' id='word_1_468' title='bbox 600 4245 700 4321; x_wconf 71' lang='lat' dir='ltr'><strong>umba,</strong></span> <span class='ocrx_word' id='word_1_469' title='bbox 729 4263 828 4310; x_wconf 86' lang='lat' dir='ltr'><strong>sensus</strong></span> <span class='ocrx_word' id='word_1_470' title='bbox 852 4252 957 4306; x_wconf 71' lang='lat' dir='ltr'><strong>umen,</strong></span> <span class='ocrx_word' id='word_1_471' title='bbox 971 4243 1048 4314; x_wconf 76' lang='lat' dir='ltr'><strong>idedu</strong></span> <span class='ocrx_word' id='word_1_472' title='bbox 1070 4249 1122 4304; x_wconf 83' lang='lat' dir='ltr'><strong>est</strong></span> <span class='ocrx_word' id='word_1_473' title='bbox 1166 4239 1236 4302; x_wconf 83' lang='lat' dir='ltr'><strong>Pro·</strong></span> 
     </span>
     <span class='ocr_line' id='line_1_51' title="bbox 99 4321 1245 4468; baseline -0.001 -82"><span class='ocrx_word' id='word_1_474' title='bbox 99 4401 122 4462; x_wconf 59' lang='lat' dir='ltr'>b</span> <span class='ocrx_word' id='word_1_475' title='bbox 142 4323 201 4386; x_wconf 91' lang='lat' dir='ltr'><strong>bile</strong></span> <span class='ocrx_word' id='word_1_476' title='bbox 219 4331 264 4386; x_wconf 82' lang='lat' dir='ltr'><strong>est.</strong></span> <span class='ocrx_word' id='word_1_477' title='bbox 283 4325 472 4468; x_wconf 86' lang='lat' dir='ltr'><strong>Stephanum,</strong></span> <span class='ocrx_word' id='word_1_478' title='bbox 492 4327 539 4386; x_wconf 89' lang='lat' dir='ltr'><strong>eui</strong></span> <span class='ocrx_word' id='word_1_479' title='bbox 558 4345 652 4385; x_wconf 88' lang='lat' dir='ltr'><strong>sermo</strong></span> <span class='ocrx_word' id='word_1_480' title='bbox 670 4332 733 4386; x_wconf 87' lang='lat' dir='ltr'><strong>erat</strong></span> <span class='ocrx_word' id='word_1_481' title='bbox 750 4345 816 4386; x_wconf 83' lang='lat' dir='ltr'><strong>mm</strong></span> <span class='ocrx_word' id='word_1_482' title='bbox 830 4323 949 4400; x_wconf 81' lang='lat' dir='ltr'><strong>ludaeis,</strong></span> <span class='ocrx_word' id='word_1_483' title='bbox 968 4327 1099 4386; x_wconf 80' lang='lat' dir='ltr'><strong>recitasse</strong></span> <span class='ocrx_word' id='word_1_484' title='bbox 1117 4321 1155 4382; x_wconf 89' lang='lat' dir='ltr'><strong>ed</strong></span> <span class='ocrx_word' id='word_1_485' title='bbox 1173 4336 1245 4385; x_wconf 79' lang='lat' dir='ltr'><strong>ver.</strong></span> 
     </span>
     <span class='ocr_line' id='line_1_52' title="bbox 122 4423 311 4480; baseline 0.026 -16"><span class='ocrx_word' id='word_1_486' title='bbox 122 4423 189 4480; x_wconf 85' lang='lat' dir='ltr'><strong>am,</strong></span> <span class='ocrx_word' id='word_1_487' title='bbox 211 4423 311 4470; x_wconf 83' lang='lat' dir='ltr'><strong>earum</strong></span> 
     </span>
    </p>
   </div>
   <div class='ocr_carea' id='block_1_5' title="bbox 345 4388 1237 4504">
    <p class='ocr_par' dir='ltr' id='par_1_8' title="bbox 345 4388 1237 4504">
     <span class='ocr_line' id='line_1_53' title="bbox 345 4388 1237 4504; baseline -0.015 -36"><span class='ocrx_word' id='word_1_488' title='bbox 345 4406 447 4488; x_wconf 71' lang='lat' dir='ltr'><strong>ingo,</strong></span> <span class='ocrx_word' id='word_1_489' title='bbox 475 4404 554 4487; x_wconf 89' lang='lat' dir='ltr'><strong>quod</strong></span> <span class='ocrx_word' id='word_1_490' title='bbox 583 4403 704 4504; x_wconf 82' lang='lat' dir='ltr'><strong>habetur</strong></span> <span class='ocrx_word' id='word_1_491' title='bbox 727 4403 803 4487; x_wconf 86' lang='lat' dir='ltr'><strong>apud</strong></span> <span class='ocrx_word' id='word_1_492' title='bbox 828 4403 1011 4494; x_wconf 75' lang='lat' dir='ltr'><strong>Prophetam.</strong></span> <span class='ocrx_word' id='word_1_493' title='bbox 1051 4399 1157 4474; x_wconf 81' lang='lat' dir='ltr'><strong>Lucas,</strong></span> <span class='ocrx_word' id='word_1_494' title='bbox 1186 4388 1237 4477; x_wconf 88' lang='lat' dir='ltr'><strong>qui</strong></span> 
     </span>
    </p>
   </div>
   <div class='ocr_carea' id='block_1_6' title="bbox 0 0 1398 4866">
    <p class='ocr_par' dir='ltr' id='par_1_9' title="bbox 0 0 1398 4866">
     <span class='ocr_line' id='line_1_54' title="bbox 0 0 1398 4866; baseline 0 0"><span class='ocrx_word' id='word_1_495' title='bbox 0 0 1398 4866; x_wconf 95' lang='lat' dir='ltr'><strong> </strong></span> 
     </span>
    </p>
   </div>
  </div>
 </body>
</html>
