2838 4848
556 225 763 294 ctt’Utvfl.
949 178 1025 280 ι’
1166 239 1225 302 rua

85 342 950 506 ttamefflmtmrmtttlatc
961 344 1225 512 qqrugpmq

89 512 170 572 bone
186 508 360 588 compositae
379 524 398 564 a
417 504 518 564 multis
536 505 643 564 insanie
662 505 830 566 obruuntur.

173 592 219 652 13.
237 589 339 648 Nm
357 594 459 647 lunen
472 585 579 666 polan
728 608 775 646 ur.
813 583 932 646 ludaeos
951 582 1000 646 hic
1018 595 1101 648 vocat
1118 591 1224 688 primo·
1273 592 1277 604 '

91 690 148 740 m,
165 686 255 749 penes
274 686 352 748 quoe
372 671 451 726 mr
470 663 598 760 'guterre
644 685 670 761 a.
709 663 861 761 lantqitli
880 664 1016 726 ardebant
1026 666 1132 730 cunm
1149 672 1226 748 odio,

89 756 125 809 nt
142 747 270 808 verbum
288 745 403 806 nullm
418 743 481 804 lien
500 749 624 804 onerent
642 765 673 804 m
691 752 829 806 utramvis
848 752 967 826 partem.
1005 744 1072 807 Non
1091 749 1226 827 quodeoe

89 828 169 890 male
187 827 315 888 haberet
332 823 500 905 quibuslibet
518 823 630 904 probris
648 843 714 884 eum
733 825 859 899 lacerari
879 825 929 884 sed
944 825 1011 906 quia
1024 827 1137 888 nullum
1150 830 1227 889 vide·

11 971 13 988 ‚
91 909 167 968 bant
186 907 295 967 melius
314 904 519 986 compendium,
539 923 626 984 quum
645 905 670 964 si
689 906 833 986 sepultum
852 904 994 964 oblivione
1013 913 1088 966 ceset
1107 908 1228 967 eiusm-

11 1029 12 1058 2
93 1009 179 1048 men.
210 986 263 1045 Sic
280 985 370 1044 hortm
387 985 522 1058 veritatis,
541 991 695 1064 postquam
713 986 824 1065 experti
842 983 909 1044 tunt
927 985 1097 1046 truculentia
1116 1005 1169 1046 rua
1187 987 1229 1048 ni·

11 1083 13 1114 ι
94 1067 146 1126 hil
166 1086 200 1162 ee
219 1064 359 1161 proficere,
376 1063 450 1124 nihil
467 1063 557 1160 magio
575 1071 812 1203 cuperentoquam
831 1083 884 1145 sup
904 1083 1010 1160 resqanp
1029 1066 1161 1126 esreeiue
1171 1085 1229 1128 me·

99 1165 237 1218 monum,
254 1145 335 1224 idque
354 1164 447 1204 unum
464 1144 629 1204 moliuntur.
655 1141 705 1222 Qu
763 1153 873 1224 metue
912 1151 967 1204 acta
985 1143 1105 1206 edebant
1120 1165 1230 1221 omnes,

101 1227 138 1287 id
156 1226 331 1320 &monicum
349 1243 470 1362 pporem
489 1223 553 1318 luit,
572 1223 813 1303 quenadmodum
836 1223 916 1304 prius
941 1223 1010 1320 dixi.
1044 1223 1128 1322 ’Νμιιιιι
1147 1227 1231 1322 utin

101 1311 178 1365 etatn
197 1305 330 1364 ecclam
387 1323 423 1362 ne
442 1301 573 1364 ordinato
591 1303 688 1362 locum
708 1323 767 1363 non
786 1301 871 1362 habet
895 1303 1009 1365 είῐιειιιιι
1032 1304 1160 1378 lrcent1a‚
1188 1325 1231 1366 erc
1255 1353 1267 1360 .

101 1384 151 1444 nbi
168 1391 248 1445 metu
266 1401 431 1478 compressa
449 1388 563 1478 tenetup
581 1383 674 1443 omnio
693 1381 818 1478 litator,
843 1387 876 1478 ut
893 1401 996 1444 vocem
1014 1405 1098 1446 nemo
1118 1388 1231 1446 nouere
1288 1449 1290 1455 ,

100 1463 215 1532 audeat,
234 1465 395 1524 miserruma
413 1468 460 1522 ert
477 1461 610 1522 condutio.
639 1463 666 1522 A
748 1481 784 1522 co
803 1461 906 1522 clanor
923 1470 954 1524 et
972 1463 1232 1526 admirabiliorem·

101 1547 155 1604 tuit
173 1543 281 1604 Christi
301 1543 408 1616 virtue,
433 1541 513 1622 qnod
532 1541 584 1602 ribi
602 1543 678 1601 inter
717 1548 794 1602 oeteo
813 1547 937 1602 armatos
956 1549 986 1602 et
1003 1545 1111 1605 furioso
1130 1563 1232 1606 eornm

101 1625 181 1698 odia,
209 1630 240 1683 et
263 1625 295 1683 in
319 1628 379 1682 tam
399 1621 571 1688 formidabili
590 1621 716 1682 dominio
734 1621 789 1685 eibi
806 1621 978 1685 audientiam
995 1622 1118 1702 nuens,
1145 1625 1232 1710 pleno

102 1704 185 1787 qnod
203 1703 285 1762 ainnt
302 1721 353 1762 ore
370 1703 523 1762 veritatem
541 1702 669 1762 meruit.
1204 1763 1206 1768 ,

194 1789 249 1864 14.
271 1795 368 1864 Festo
390 1805 496 1864 auum
519 1793 569 1862 die
590 1793 655 1862 iarn
676 1793 814 1880 dimidio,
835 1795 974 1865 ascendit
993 1794 1082 1866 lesus
1102 1797 1136 1866 in
1157 1809 1235 1868 tem·

104 1901 212 1995 plum,
234 1911 268 1970 et
288 1901 430 1970 docebat.
481 1901 534 1974 15.
555 1897 599 1970 Et
619 1899 810 1992 ndrabantur
829 1901 950 1987 ludaei,
976 1903 1129 1990 dicentes,
1150 1905 1236 1992 Quo-

110 2008 210 2076 modo
229 2006 286 2076 hic
302 2007 406 2076 literae
426 2006 532 2092 novit,
563 2031 665 2101 qnurn
690 2031 759 2076 non
783 2007 941 2077 didicerit?
986 2008 1237 2102 tosltespondia

111 2113 174 2184 illie
195 2112 302 2200 lesus,
322 2137 360 2182 ac
379 2114 470 2200 dixit,
489 2111 564 2183 Mea
585 2111 726 2182 doctrina
746 2135 814 2180 non
835 2123 884 2181 est
904 2135 991 2200 mea,
1012 2115 1069 2183 ced
1090 2117 1158 2187 eius
1180 2116 1237 2210 qui

110 2219 197 2290 misit
216 2244 281 2290 me.
327 2219 378 2290 17.
404 2219 535 2313 Siquis
559 2219 697 2289 voluerit
723 2211 1014 2288 eiurvolunutem
1039 2221 1155 2308 faeere,
1188 2247 1239 2292 co·

108 2338 239 2422 gnoeoct
260 2326 301 2396 de
321 2327 480 2413 doctrina,
510 2336 619 2394 ntnrm
645 2347 687 2394 ex
707 2323 780 2394 Deo
801 2323 856 2408 eit,
887 2347 929 2394 ιιι
957 2347 1016 2418 ego
1042 2349 1062 2394 a
1087 2349 1141 2396 mc
1168 2327 1240 2418 ipso
1300 2355 1307 2362 ·

17 2437 19 2442 '
109 2435 241 2526 loquar
277 2434 333 2501 18.
364 2433 428 2519 Qui
449 2458 468 2500 a
489 2456 526 2502 ee
545 2432 617 2526 ipso
638 2431 793 2523 loquitur,
813 2430 944 2524 gloriam
965 2433 1125 2525 propriam
1147 2457 1243 2526 quae«

113 2541 167 2612 rit:
194 2537 250 2632 qui
272 2561 350 2608 vcro
370 2537 503 2632 gloriam
524 2537 647 2632 quaerit
668 2537 748 2623 eius,
775 2539 830 2632 qui
851 2535 937 2608 misit
957 2562 1048 2624 eum,
1069 2539 1121 2609 hic
1141 2565 1240 2612 verax

117 2657 178 2732 ert,
200 2657 232 2714 et
252 2645 402 2714 iniustitia
423 2645 458 2714 in
479 2667 520 2716 eo
541 2668 609 2714 non
630 2653 689 2714 est.
734 2645 786 2714 19.
812 2644 929 2714 Nonne
949 2644 1057 2714 Moses
1078 2646 1166 2717 dedit
1186 2671 1243 2718 vo·

113 2753 160 2822 bis
181 2752 318 2846 Legem,
339 2761 374 2820 et
392 2774 491 2821 nemo
512 2775 555 2822 ex
575 2749 668 2822 vobis
688 2750 761 2822 lacit
780 2750 921 2846 Legem?
952 2752 1028 2846 quid
1049 2777 1102 2825 me
1124 2755 1242 2850 quaeri·

114 2859 153 2930 tis
171 2857 368 2929 interficere?
1298 2913 1304 2921 .

192 2970 242 3034 14.
256 2969 401 3032 mdc
418 2973 455 3030 tn
470 2970 616 3050 implum.
640 2963 724 3049 Nunc
741 2967 870 3031 videmur
888 2987 948 3032 non
966 2969 1008 3030 etc
1025 2966 1243 3030 timuisreclui·
1361 2989 1362 2992 ¹

117 3056 203 3125 etnam
220 3055 255 3110 nt
273 3051 331 3109 onie
350 3047 480 3130 partibor
498 3049 617 3126 deesset,
635 3067 703 3110 num
721 3047 793 3110 haee
811 3049 851 3110 illi
869 3068 968 3112 morae
987 3067 1072 3110 cama
1090 3047 1152 3122 fuit,
1171 3049 1243 3110 utin

119 3129 302 3191 celeberrimo
320 3134 465 3190 conventu
481 3127 587 3190 habere
606 3129 773 3190 concionem
790 3135 897 3210 postet.
926 3129 1072 3190 Interdum
1089 3127 1177 3210 igitur
1194 3145 1244 3207 pe-

123 3207 221 3268 rindie
240 3207 339 3266 cedere
353 3209 433 3282 licet,
462 3208 512 3270 red
535 3209 614 3270 nulla
637 3207 709 3269 bene
769 3207 835 3268 endi
856 3210 1051 3292 opportunitas
1075 3207 1179 3286 negligi
1197 3205 1245 3266 vel

127 3285 223 3346 omitti
241 3284 332 3345 debet.
359 3285 444 3363 Quod
462 3289 493 3348 in
510 3289 619 3371 templo
637 3287 729 3384 docet,
760 3289 817 3348 aoit
835 3287 947 3385 hocncx
964 3289 1054 3350 reteri
1071 3287 1200 3347 instituto
1215 3290 1246 3346 et

123 3385 227 3506 ιιι
239 3365 500 3522 clauco
514 3367 1247 3538 ...Ἣιιιιις

123 3525 200 3600 litae,
230 3523 388 3586 docuinam
410 3529 539 3608 oportuit
562 3525 647 3588 simul
671 3525 818 3602 coniungi,
847 3541 864 3584 a
917 3543 934 3583 e
957 3525 1013 3584 hoe
1031 3523 1119 3583 modo
1138 3529 1248 3582 externa

123 3607 192 3666 ritus
211 3605 297 3666 vivae
315 3613 381 3666 aunt
398 3625 494 3668 rerum
513 3604 702 3690 spiritualium
720 3604 864 3682 imagines,
904 3623 952 3663 nm
970 3604 1091 3664 tonnam
1110 3599 1250 3661 auumha·

123 3683 193 3744 tent
209 3704 248 3744 cx
266 3683 325 3744 Dei
343 3685 441 3746 verbo.
492 3685 569 3766 Quia
593 3693 690 3748 autern
712 3689 783 3746 tuno
801 3682 965 3744 'sacerdotes
990 3680 1050 3742 lero
1069 3681 1142 3742 muti
1161 3684 1250 3756 mant,

127 3761 233 3826 acriboo
250 3783 320 3825 vero
339 3765 399 3825 ouis
417 3765 562 3828 fermentis
587 3773 618 3828 et
640 3765 719 3826 falsie
742 3763 909 3825 commentis
932 3761 1126 3823 adulterabant
1149 3779 1251 3844 purum

129 3842 291 3918 doctrinam,
310 3842 444 3906 Chn'rtuo
463 3845 582 3908 docendi
600 3864 704 3906 munus
723 3844 860 3925 suscepit:
880 3850 909 3904 et
927 3842 1037 3918 merito,
1055 3848 1089 3902 ut
1107 3843 1157 3922 qui
1175 3861 1251 3904 oum·

128 3939 194 3982 mne
210 3927 282 3984 meet
299 3923 442 3999 uuerden
461 3926 700 4008 quemadmodum
718 3925 804 4007 paulo
816 3929 890 4005 poet
907 3922 978 3985 nihil
996 3942 1028 3984 oe
1045 3921 1100 3985 uiri
1113 3919 1251 3984 exPatria

127 4000 260 4063 maduo
279 4003 394 4105 aqgredr
412 4006 564 4084 praedicat.

206 4083 253 4146 15·
281 4086 322 4144 ur
342 4085 529 4146 walamer
546 4085 662 4148 Iudai.
699 4081 848 4146 Falluutur
866 4082 917 4164 qui
935 4083 978 4145 cio
996 4101 1066 4144 exce
1087 4087 1148 4142 tum
1167 4081 1254 4144 ΐιιὶιιο

125 4167 229 4243 putant
248 4160 356 4224 Christi
375 4182 544 4238 sermonem,
563 4171 597 4226 nt
615 4166 645 4224 in
663 4163 756 4245 pretio
774 4170 803 4224 et
822 4163 930 4225 honore
949 4170 1030 4224 esset.
1060 4103 1193 4222 dicerim
1202 4162 1254 4222 mi·

126 4248 226 4302 rantur
242 4241 352 4318 Iudaei,
372 4249 408 4303 ut
419 4250 605 4326 contemptur
624 4243 802 4305 occasionem
820 4243 886 4304 inde
904 4262 940 4304 ca
958 4250 1027 4304 tent.
1066 4241 1140 4302 Nam
1158 4261 1192 4301 ea
1210 4247 1256 4302 eet

126 4319 277 4384 hominum
295 4321 480 4403 ingratitudo,
500 4330 532 4385 nt
550 4325 581 4384 in
599 4320 842 4384 aestimandiellei
861 4265 993 4405 oper-ilus
1012 4321 1256 4404 rpenteeibirem·

127 4421 181 4484 pet
199 4407 349 4468 meme
367 4403 479 4466 errandi
497 4403 654 4468 mereim
688 4400 812 4468 sillem
830 4403 939 4468 usitatio
957 4403 1057 4466 medii·
1075 4400 1135 4482 ogit
1151 4404 1256 4461 eleon·
