2804 4850
354 238 358 252 .
501 187 806 269 ‚„ca1³tit·x1ti.‚
1165 201 1223 280 poe
1248 212 1254 286 '.

186 312 215 370 a
251 288 336 376 nsi
353 306 464 366 urm
505 302 707 378 nonnosus
726 305 866 388 panacen
886 305 991 396 sporn
1015 305 1097 374 rent
1120 309 1150 373 a
1173 311 1222 382 ,n-

95 409 140 448 ve
180 389 234 448 ium
253 388 403 467 temporis:
434 384 492 443 acsi
509 383 617 445 dictum
636 391 722 461 esset,
751 383 906 467 Postquam
924 384 1033 458 abiero,
1060 387 1160 450 iterum
1179 410 1222 457 re·¹

95 474 201 528 vertar
221 465 254 526 ari
277 485 340 526 vos.
391 461 543 525 Caeterum
567 463 672 522 reditus
696 463 743 524 hic
765 485 825 538 non
843 464 924 538 debet
943 464 978 536 de
997 463 1106 544 Spiritu
1123 476 1221 530 saneto

95 543 233 624 intelligi,
257 544 340 624 qnasi
360 562 465 602 novam
485 543 528 603 sui
567 545 731 604 raesentinnr
756 543 914 623 exhibuerit
932 542 1062 608 Christus
1081 541 1221 629 discipulis

94 627 130 684 in
160 623 277 704 Spiritu
327 621 384 681 Est
407 619 551 700 quidem?
577 621 615 680 ud
637 642 749 698 vernn,
777 622 855 704 quod
877 622 1026 684 nobiseum
1046 627 1074 683 et
1093 621 1220 690 in'nobis

95 703 232 764 Christus
251 722 306 782 per
326 701 464 781 Spiritum
481 697 671 782 habitatpsed
690 699 737 762 hic
755 699 790 764 de
809 707 936 762 extremo
954 702 1050 762 iudicii
1069 701 1113 762 dic
1131 695 1221 784 loqui·

95 791 163 856 tur,
195 802 255 861 quo
275 779 394 844 tandem
412 780 501 839 roriet
520 779 557 839 ad
576 799 643 838 suos
663 781 841 862 colligendos.
884 778 924 840 Et
942 787 1017 842 certe
1057 783 1160 866 uoti*
1179 783 1220 844 lo·

95 882 171 926 num
191 859 276 920 nobis
295 866 385 940 parat,
403 859 427 919 si
445 866 537 952 tptum
555 855 699 920 Ecclesiae
717 879 819 944 corpus
833 859 1007 944 respicimus.¹
1034 801 1115 939 inde
1129 861 1221 946 sequi·

96 948 154 1002 tur
170 940 265 1000 nostri
283 941 314 997 in
332 937 438 998 eoelum
455 955 597 1018 ingressus
615 939 743 1001 nondum
755 946 901 1012 ¹maturum
920 936 1018 998 adesse
1036 936 1118 1018 diem.

189 1019 218 1080 t.
256 1019 297 1078 Et
315 1039 370 1100 qao
388 1037 444 1112 05⁰,
463 1019 537 1078 codo
554 1025 643 1081 sonu.
689 1015 830 1100 Quoniam
854 1037 913 1079 non
932 1016 1040 1098 vulgari
1059 1018 1221 1084 fortitudine

97 1113 185 1180 'opus
203 1103 258 1165 est,
284 1102 314 1154 ut
333 1095 439 1156 tamdiu
456 1103 580 1158 nostram
599 1115 617 1156 a
636 1093 750 1156 Christo
770 1099 975 1176 separationem
993 1097 1130 1191 patienter
1147 1099 1220 1174 sera-

102 1195 187 1252 mus,
214 1175 323 1250 additur
340 1173 431 1236 altera
449 1175 643 1250 confirmatim'
667 1175 745 1255 quod
763 1178 855 1237 sciunt
874 1176 941 1236 disci
963 1175 1002 1240 uh
1021 1181 1140 1246 mortem
1159 1182 1220 1257 eiua

102 1275 165 1316 non
182 1273 244 1316 csse
258 1254 417 1328 interitum,
436 1254 486 1314 scd
505 1256 654 1314 transitum
672 1255 709 1318 od
722 1253 849 1316 Patrem:
869 1253 933 1314 dein
988 1255 1065 1334 quod
1085 1257 1159 1320 viam
1177 1266 1220 1338 ¹⁶:

100 1341 170 1396 nent
194 1353 249 1414 pua
273 1340 445 1412 manantur,
473 1339 506 1394 ut
529 1335 558 1392 in
580 1333 706 1394 alaudem
729 1333 834 1416 gloriae
857 1326 1019 1394 sotietatem
1043 1337 1218 1415 perveniant.

98 1415 259 1494 Utrumque
275 1411 441 1474 membrum
459 1412 556 1473 sedulo
575 1412 729 1472 notandum
752 1419 808 1488 est,
836 1419 870 1472 ut
888 1411 1084 1481 Christiania
1105 1415 1220 1478 coelesti

98 1493 188 1574 gloria
206 1499 237 1552 et
255 1491 341 1552 beata
360 1491 571 1552 immortalitate
590 1491 656 1560 srdei
675 1491 763 1552 oculis
783 1493 945 1554 cernamus&
972 1491 1070 1552 deinde
1095 1501 1126 1553 ut
1150 1495 1220 1574 seia·¹

97 1593 162 1633 mus
181 1573 278 1653 ipsum
296 1591 359 1654 esse
378 1572 453 1631 vitae
471 1579 586 1634 nostrae
603 1571 748 1653 primitias,
768 1573 889 1634 eluiem
909 1589 981 1653 quac
999 1572 1143 1653 praeclusa
1157 1579 1220 1637 erat

98 1652 184 1713 nobis
202 1651 239 1711 ab
258 1670 294 1712 eo
312 1651 482 1730 patefactam
500 1671 570 1712 esse.

150 1789 155 1798 Α
182 1733 212 1792 ὖ.
250 1731 334 1790 Dicit
352 1739 380 1790 ei
402 1735 540 1792 Tiornua.
588 1727 710 1790 Tametsi
728 1731 818 1811 priano
837 1730 908 1792 facie
927 1729 1038 1792 videtur
1056 1752 1121 1794 cum
1141 1731 1218 1796 dicio

100 1809 211 1870 Christi
230 1828 355 1889 pugnare
373 1807 497 1870 Thomas
516 1829 560 1870 res
582 1830 698 1879 omum,
719 1817 890 1872 nontamen
908 1809 949 1870 illi
968 1798 1146 1892 propositum
1164 1813 1221 1872 suit

13 1891 15 1898 '
99 1889 242 1970 abrogare
264 1890 395 1968 magistro
418 1889 513 1948 fidem.
560 1831 713 1968 iderentur
736 1895 829 1948 tamen
848 1889 991 1968 quomodo
1016 1897 1113 1970 negett
1141 1889 1221 1972 quod

100 1971 224 2030 assernit
244 1965 381 2026 Christus.
419 1965 598 2048 Respondeo,
615 1966 756 2028 interdum
773 1966 803 2026 in
822 1970 924 2028 sanetis
943 1968 1074 2029 contusas
1093 1987 1154 2029 esso
1168 1989 1220 2050 uo·

101 2049 196 2122 tinas,
247 2047 293 2106 uia
311 2047 352 2106 rei
371 2054 463 2108 certae
481 2053 511 2108 et
529 2048 583 2108 sibi
601 2047 746 2128 expositae
764 2045 879 2106 modum
898 2053 928 2106 ei
946 2049 1083 2106 rationem
1102 2067 1160 2107 non
1178 2053 1218 2106 te-

61 2161 66 2170 ·
95 2133 177 2194 nent.
216 2067 266 2186 gia
286 2145 304 2188 a
323 2123 633 2264 Prophetispraeilicta
656 2126 853 2206 deligentium
878 2127 990 2184 vocatio
1009 2147 1047 2186 ex
1065 2146 1134 2184 vero
1154 2117 1220 2188 [idei

98 2227 192 2280 sensu,
212 2224 301 2284 wem
319 2203 484 2264 tomenPau
500 2226 532 2264 os
550 2209 668 2266 testatur
686 2205 773 2264 fuisse
791 2223 924 2264 areanum
942 2205 997 2263 illis
1016 2204 1218 2266 absconditum.

99 2285 200 2364 Quum
218 2303 287 2364 ergo
307 2283 453 2345 eraderent
469 2283 602 2366 Apostoli
621 2285 766 2346 Christum
785 2285 821 2344 od
835 2282 954 2362 ,Patrem
972 2285 1106 2364 migrare,
1130 2284 1219 2344 aead-

99 2373 166 2440 rent
183 2370 280 2422 tanim
299 2363 443 2442 quomodo
462 2383 580 2446 regnum
599 2363 750 2444 adepturos
768 2367 852 2438 esset,
866 2362 966 2424 merito
981 2365 1086 2444 excipit
1095 2361 1219 2424 Thomas

85 2445 182 2522 ‚ipsos
200 2443 308 2500 nescire
326 2462 384 2521 quo
402 2443 493 2507 vadai.
542 2441 610 2505 Inde
633 2443 738 2522 colligit
760 2443 851 2524 magis
873 2439 1020 2506 obscuram
1043 2463 1105 2502 esse
1128 2443 1218 2504 viam:

101 2524 270 2603 priusquam
288 2521 364 2581 enim
383 2542 494 2584 cursum
514 2524 521 2540 ⁶
576 2524 697 2595 edimur,
716 2523 858 2582 sciendum
878 2530 998 2606 estque
1017 2523 1172 2582 tendamus.

138 2657 143 2668 .
181 2603 210 2664 6.
248 2601 318 2678 Ego
336 2623 401 2662 nrm
417 2612 474 2662 oto.
512 2545 696 2684 ¹liliiianquam
719 2621 777 2672 nou
800 2602 901 2662 dasne
920 2603 1070 2683 respondet
1090 2601 1218 2663 Christus

100 2680 138 2742 ad
156 2687 305 2754 roratum,
325 2679 394 2740 ndat
412 2689 508 2742 tamen
529 2684 640 2754 omittit
652 2681 730 2762 qnod
749 2683 785 2742 sit
807 2683 875 2742 utile
899 2683 1021 2763 cognitu.
1071 2679 1217 2742 Frenanrla

98 2766 159 2822 erat
178 2727 307 2844 'floreae
327 2761 486 2820 annositas:
510 2759 573 2824 ideo
594 2757 722 2820 Christus
744 2781 803 2820 nou
823 2761 932 2823 disserit
955 2759 1045 2857 qualis
1064 2753 1159 2822 lutura
1181 2761 1219 2822 sir

97 2859 150 2900 soa
168 2840 295 2904 conditio
315 2839 393 2920 apud
411 2839 539 2914 Patrem,
567 2842 616 2900 scd
635 2842 665 2899 in
684 2859 715 2900 re
734 2841 821 2920 magis
839 2860 994 2902 necessaria
1013 2841 1122 2900 insistit.
1170 2837 1217 2901 Li-

96 2918 198 2980 beuter
215 2917 343 2978 audisset
362 2917 485 2978 Thomas
505 2919 575 2999 quid
593 2927 706 2980 acturus
725 2928 798 2980 esset
815 2921 845 2979 in
869 2919 948 2980 coelo
968 2919 1113 2996 Christus,¹
1135 2921 1219 2980 sicuti

94 3019 151 3062 nos
169 2998 279 3078 argutis
299 2999 355 3058 iliis
374 2999 611 3080 speculationibus
628 3019 772 3078 nunquam
791 2998 952 3078 fatigamur.'
986 2998 1074 3078 Atqui
1094 3000 1218 3060 studium

96 3085 129 3138 et
147 3097 269 3158 oporam
288 3077 351 3135 alibi
372 3076 465 3138 locare
483 3079 572 3158 magis
591 3081 739 3152 convenit,
772 3077 915 3156 quomodo
934 3077 1039 3143 seilicet
1058 3077 1154 3137 maiae
1173 3078 1218 3137 re'·

98 3156 285 3216 animationis
302 3155 389 3216 iuturi
407 3157 493 3216 simus
512 3165 664 3218 consortes.
713 3155 831 3216 Snrnrna
853 3175 940 3250 porro
963 3155 1046 3214 hrains
1066 3157 1219 3216 sententiae

98 3241 157 3310 est,
177 3233 306 3312 quisquis
323 3237 427 3316 potitur
446 3235 570 3332 Cirriptn
587 3235 657 3296 nihil
675 3235 715 3310 illi
734 3235 841 3294 deesse:
859 3234 979 3314 ideoque
999 3235 1072 3306 ultra
1090 3234 1219 3316 nltimam

94 3312 309 3396 perfectionem
326 3312 398 3389 eniti,
417 3317 544 3396 qnisqrns
563 3335 598 3374 eo
618 3335 675 3376 nno
694 3320 840 3374 contentus
859 3332 918 3372 non
935 3320 986 3372 est.
1019 3309 1104 3373 Ponit
1122 3322 1218 3375 autem

98 3402 160 3473 tres
189 3393 313 3474 gradus,
340 3395 401 3476 acsi,
416 3397 585 3477 principium
610 3411 640 3454 se
663 3411 725 3466 ¹esse
748 3391 851 3452 diceret
873 3410 908 3450 ae
931 3387 1054 3452 medium
1073 3399 1103 3450 et
1121 3391 1216 3452 linem

98 3469 184 3532 Unde
204 3472 335 3550 sequitur
351 3472 385 3534 ab
404 3473 466 3554 ipso
485 3474 675 3554 incipiendum
694 3489 762 3544 esse,
781 3471 811 3530 in
830 3469 930 3530 eodem
948 3471 1119 3552 pergendum
1132 3471 1217 3540 etde,-

100 3552 258 3611 sinendum.
289 3548 354 3610 Nou
372 3561 417 3613 est
434 3559 511 3614 cerie
529 3573 566 3613 ex
604 3553 686 3614 tenda
706 3550 788 3612 altior
806 3551 953 3632 sapientia,
973 3568 1058 3629 mam
1076 3568 1149 3629 quae
1164 3569 1218 3608 nos

157 3631 246 3690 niam
265 3627 543 3715 aetemamducatu·
634 3633 699 3694 oin
715 3650 748 3690 se
764 3631 1029 3698 arreoffimnmr.
1068 3627 1128 3690 Iam
1142 3630 1218 3689 vitae

102 3709 269 3772 obtinendae
287 3711 368 3772 ratior
381 3718 438 3786 est,
466 3719 501 3771 nt
523 3713 610 3772 sinim
633 3731 725 3782 novae
742 3717 894 3779 creaturae
943 3705 1083 3788 Hocque
1104 3729 1139 3770 ne
1157 3727 1217 3773 non

101 3786 170 3846 alibi
190 3781 379 3866 qnanendnm
398 3810 459 3850 esse
477 3781 656 3872 pronuntiai.'
680 3786 832 3854 'Et‘simul
850 3789 926 3850 viani
944 3807 975 3848 se
994 3807 1056 3848 esse
1140 3793 1216 3866 onet,
1303 3835 1311 3853 ,

103 3885 162 3944 qua
181 3867 239 3926 sola
255 3865 326 3928 illuc
344 3871 493 3950 pervenire
511 3871 601 3932 liccat.
649 3867 725 3952 Ergo
749 3889 785 3932 ne
812 3889 868 3950 qua
883 3871 921 3928 in
936 3873 1017 3950 parte
1035 3865 1116 3928 noble
1134 3869 1218 3944 desis,

99 3949 218 4005 manum
234 3947 394 4008 errantibus
412 3948 536 4029 praebet,
554 3969 730 4031 adeousque
748 3967 778 4010 ee
796 3947 1131 4022 deprimantlaotentee
1145 3963 1215 4030 qum

99 4043 157 4104 que
174 4027 414 4109 puerosdirigat:
433 4027 535 4090 docem
551 4049 584 4092 se
601 4031 743 4112 professos
761 4049 821 4094 non
839 4029 972 4110 relinquit
990 4048 1055 4088 suos
1074 4029 1103 4088 in
1121 4028 1215 4092 medio

98 4101 201 4179 stadio,
220 4105 271 4166 sed
290 4095 417 4168 veritatis
435 4127 498 4169 com
520 4115 578 4169 oies
598 4113 672 4172 sarit.
715 4105 840 4168 Domum
859 4107 945 4167 efficit
964 4114 995 4167 ut
1014 4109 1072 4181 eius
1091 4105 1216 4168 fructeria

99 4185 266 4266 percipiant,
287 4205 350 4266 qno*
366 4187 435 4247 nihil
453 4131 553 4248 meiius
572 4189 617 4248 vel
635 4186 907 4270 praestantirufingi
925 4192 1027 4268 potest.
1054 4185 1156 4265 Quum
1167 4189 1216 4251 sn

99 4263 139 4321 sit
155 4263 303 4340 Cincius,
327 4275 386 4326 uon
409 4271 453 4327 est
471 4268 548 4346 quod
566 4267 718 4330 seiufirmi
734 4269 767 4330 ei
783 4265 867 4350 rudeis
886 4266 921 4332 ab
938 4286 976 4328 eo
994 4267 1214 4356 queranturidpl·

100 4341 189 4402 dilui·
229 4341 332 4430 Quum
350 4347 457 4441 tetius·
470 4350 508 4408 sit
526 4353 555 4408 et
573 4351 645 4424 vita,
672 4345 860 4430 habetaimpl
871 4347 907 4408 -in
920 4365 970 4421 se,
995 4343 1215 4430 quopperieptis-

859 4541 865 4574 i
