2786 4866
56 611 64 634 0
162 585 243 655 liciis,
263 580 314 662 qni
333 578 449 637 minima
469 570 688 654 persequutione

161 233 221 297 100
559 211 600 276 aa
619 211 725 277 acra
744 199 908 272 arose·
1021 265 1026 274 .

159 363 250 440 quarn
268 359 321 423 pro
340 335 456 400 Christo
475 333 599 416 patitur,
618 347 765 466 nanquapr
786 323 910 463 dibcie'li
928 325 1120 463 ,quantpmris
1136 323 1217 466 plura
1236 349 1299 427 cer:

159 416 502 576 ttttftttttttt
517 409 940 625 ,l‘tttt‘jtttttt
978 423 1017 544 00⁰
1029 417 1301 566 ttt‘ttttmtt

154 571 159 584 '
727 565 844 642 eiuncti,
863 563 1019 644 quaritur
1036 568 1144 628 ammiti
1165 588 1302 632 essemus

162 663 280 738 milites,
300 655 506 746 iaoemstatim
526 651 587 712 aliis
606 649 789 730 resignamus.

427 947 437 966 ·
504 877 813 1040 carun
873 943 948 1036 vl.

255 1145 285 1214 1.
329 1139 366 1208 ln
388 1139 498 1226 diebus
521 1148 627 1206 annm
649 1135 711 1204 illis
733 1143 894 1204 crescente
914 1153 1047 1200 numero
1070 1129 1301 1225 discipulorum

170 1261 275 1320 ortum
297 1257 346 1316 est
371 1269 514 1314 murmur
536 1243 728 1312 Graecorum
757 1240 904 1308 adversus
924 1235 1101 1322 Hebraeos,
1133 1241 1223 1332 quod
1250 1241 1301 1308 de

170 1358 363 1448 aspicerentur
383 1352 416 1418 in
438 1350 612 1418 ministerio
636 1347 819 1440 quotidiano
840 1345 965 1413 illomm
986 1344 1107 1413 viduae.
1151 1347 1184 1414 2.
1207 1345 1300 1413 Duo

169 1461 272 1550 decirn
309 1459 415 1548 itaque
447 1451 605 1532 'advocata
644 1453 843 1525 multitudine
877 1449 1096 1543 discipulorum
1128 1451 1296 1520 dixeruntr
1380 1524 1381 1558 ,

169 1566 244 1635 Non
265 1563 368 1656 placet
389 1563 474 1652 (vol,
496 1585 562 1630 non
584 1564 756 1654 praestat),
789 1556 933 1626 derelicto
954 1576 1097 1624 sermone
1118 1555 1198 1641 Dei,
1229 1581 1297 1626 nos

169 1671 344 1741 ministrare
366 1669 493 1738 mensis.
537 1669 568 1736 3.
592 1666 744 1760 Dispicite
767 1665 858 1755 ergo,
879 1659 999 1744 batres,
1024 1661 1109 1732 viros
1132 1685 1175 1730 ex
1201 1663 1302 1730 vobis

170 1788 301 1848 testatae
323 1775 486 1868 probitatis
509 1783 647 1864 septem,
674 1771 786 1864 plenos
807 1767 925 1861 Spiritu
950 1777 1058 1836 sancto
1080 1777 1114 1836 et
1134 1769 1301 1859 sapientia,

122 1873 125 1889 ⁸
173 1906 256 1976 quos
277 1881 493 1973 praeficiemus
515 1879 590 1948 buic
610 1876 749 1969 negotio.
792 1875 824 1944 4.
846 1873 916 1974 Nos
940 1883 1047 1942 autem
1073 1875 1248 1965 precationi
1269 1886 1302 1942 et

171 1987 345 2058 ministerio
367 1984 522 2054 sermonis
543 1984 771 2053 incumbemus
816 1983 846 2050 5.
871 1980 986 2049 Placuit
1007 2002 1114 2047 senno
1136 1979 1309 2049 universae·

173 2093 382 2165 multitudini:
417 2103 450 2161 et
477 2090 637 2182 elegerunt
665 2089 879 2181 Stephanum,
909 2085 1010 2154 virum
1031 2085 1165 2178 plenum
1187 2086 1248 2156 fide
1269 2099 1303 2156 et

174 2201 295 2293 Spiritu
316 2209 440 2283 sancto,
473 2209 505 2265 ct
526 2197 722 2290 Philippum,
755 2193 1016 2276 retrochorum,
1048 2203 1081 2260 et
1103 2191 1301 2276 Nicanorem,

176 2319 208 2376 et
229 2307 414 2387 Timonem,
447 2315 479 2372 et
500 2302 702 2385 Parmenam,
735 2312 767 2369 ct
788 2299 948 2373 Nicolaum
970 2297 1172 2394 proselytum
1191 2299 1300 2366 Antio

166 2405 308 2500 {cheumj
345 2406 377 2478 e.
400 2407 469 2477 llos
491 2419 667 2480 statuerunt
689 2431 795 2498 coram
816 2405 987 2497 Apostolis:
1010 2415 1043 2474 et
1064 2403 1181 2496 precati
1200 2405 1303 2496 impo-
1381 2457 1382 2470 ,

174 2526 307 2588 snenmt
327 2514 386 2582 illis
409 2539 531 2582 manus.

256 2646 283 2705 1.
303 2639 358 2700 ilic
377 2641 464 2702 retent
483 2639 575 2701 Lucas
595 2658 652 2723 qua
692 2639 795 2701 rimmn
815 2641 967 2714 occasione,
986 2645 1016 2700 et
1035 2657 1094 2724 qno
1109 2639 1236 2714 consilio,
1258 2637 1306 2700 de-

170 2721 242 2784 inde
263 2740 322 2801 quo
342 2721 399 2779 ritu
423 2722 509 2780 creati
534 2722 638 2782 luerint
693 2723 790 2781 laconi.
835 2720 913 2780 Dicit
935 2727 1030 2780 antem
1054 2741 1142 2800 quum
1167 2725 1307 2779 exortum

176 2807 251 2862 essct
269 2819 399 2858 murmur
418 2801 492 2858 inter
511 2801 678 2880 discipulos,
703 2801 759 2860 hoc
778 2800 900 2860 remedio
919 2800 1045 2860 sedatum
1063 2817 1138 2872 esse,
1162 2799 1305 2876 quemad-

175 2881 295 2942 modum
314 2875 424 3016 vulffinri
443 2879 595 2959 proverbio
616 2881 731 2956 dicitnr,
759 2879 804 2940 Ex
828 2879 908 2940 malis
927 2877 1050 2940 moribus
1068 2883 1145 2936 ortas
1164 2896 1227 2936 esse
1248 2875 1308 2936 bo·

172 2959 228 3020 'nas
247 2959 333 3039 leges.
398 2966 475 3019 osset
493 2967 592 3020 autern
607 2961 712 3018 mirmn
736 2959 840 3036 videri,
871 2979 961 3040 quum
982 2966 1039 3017 tam
1061 2955 1238 3038 praeclarum
1268 2956 1309 3016 sit

174 3037 234 3100 boc
253 3045 282 3098 et
301 3035 445 3098 Ecclesiae
469 3041 657 3105 necessarium
683 3059 801 3112 munus,
830 3060 882 3100 cur
903 3059 962 3100 non
986 3043 1087 3120 sponte
1113 3034 1147 3094 ab
1172 3033 1257 3095 initio
1278 3037 1309 3096 in

176 3123 302 3178 mentem
327 3115 474 3198 Apostolis
499 3121 610 3179 venerit
634 3119 767 3178 diaconos
790 3119 946 3192 instituere,
971 3125 1000 3178 et
1025 3137 1076 3177 cur
1097 3114 1155 3178 Dei
1180 3114 1309 3195 Spiritus

176 3215 237 3260 uon
256 3197 314 3257 illis
334 3197 442 3258 dederit
460 3197 599 3259 eiusmodi
618 3201 780 3274 eonsilium,
801 3197 878 3278 quod
896 3217 973 3258 nunc
992 3203 1130 3278 tanquam
1150 3197 1244 3256 eoacti
1264 3214 1309 3254 ac-

172 3277 295 3358 cipiunt.
335 3275 444 3338 Verum
463 3279 541 3358 quod
560 3277 675 3352 accidit,
695 3285 725 3337 et
743 3286 812 3341 tione
831 3277 884 3338 luit
902 3278 1017 3350 melius,
1037 3284 1067 3338 et
1086 3275 1123 3336 ad
1142 3275 1309 3356 exemplum

176 3355 262 3417 hodie
304 3359 510 3436 nequemagir
529 3357 610 3418 nobis
630 3357 754 3438 prodest.
794 3355 827 3416 Si
846 3355 881 3416 da
899 3357 1034 3437 eligendis
1053 3356 1182 3415 diaconis
1195 3355 1309 3435 loquuti

175 3433 270 3497 'asserit
317 3435 448 3516 postoli,
464 3437 700 3516 antequamnlla
723 3437 873 3498 necessitas
897 3437 925 3496 id
944 3435 1105 3516 flagitaret,
1128 3435 1223 3494 minus
1242 3453 1308 3514 pro·

176 3533 300 3598 pensum
321 3513 483 3574 habuissent
501 3516 655 3596 populum,
680 3518 734 3576 visi
752 3517 871 3576 luissent
889 3515 1014 3578 laborem
1035 3521 1064 3573 et
1083 3513 1244 3574 molestiam
1264 3511 1309 3572 iu-

59 3597 72 3617 *
176 3611 336 3674 gere„non
356 3599 414 3654 tam
435 3593 587 3655 liberaliter
606 3595 688 3656 molti
707 3598 737 3654 in
757 3595 876 3656 aliorum
896 3613 997 3653 manus
1018 3592 1198 3652 obtulissent.
1229 3590 1309 3673 Ergo

177 3672 305 3754 oportuit
323 3673 519 3752 experimento
539 3676 668 3734 convinci
688 3673 800 3749 fideles,
819 3679 855 3734 nt
869 3671 990 3733 libenter
1009 3672 1144 3732 diaconos
1164 3673 1311 3752 eligerent,

138 3759 158 3816 '‚
176 3751 332 3837 quibub'te
351 3751 484 3814 videbant
503 3771 599 3815 carere
617 3772 676 3814 non
695 3773 788 3836 posse,
808 3762 837 3814 ct
856 3754 969 3834 quidem
988 3752 1103 3834 propria
1124 3751 1218 3832 culpa.
1248 3747 1310 3810 Nos

176 3847 248 3893 vern
267 3853 304 3890 ex
324 3829 378 3891 bac
397 3831 514 3893 historia
532 3829 655 3914 primuni
675 3833 818 3910 discimus,
838 3849 895 3892 non
914 3833 954 3892 ita
973 3833 1069 3891 statim
1088 3831 1206 3891 formari
1224 3849 1312 3912 posse

176 3907 347 3984 Ecclesiam,
373 3913 441 3992 quin
466 3913 573 3992 aliquid
592 3915 790 3994 corrigendum
809 3917 911 3986 restet,
933 3931 988 3972 nec
1001 3929 1091 4048 posse
1111 3917 1207 3970 tantae
1225 3909 1312 3970 molis

177 3989 337 4050 aedificium
367 3993 460 4070 primo
486 3993 531 4051 die
556 3993 596 4052 sic
620 3989 742 4067 absolvi,
771 4000 804 4052 ut
828 4011 886 4052 non
911 3989 998 4070 aliqui
1044 3989 1081 4050 ad
1105 3989 1311 4071 perlectionem

177 4067 242 4126 addi
262 4071 360 4144 possit.
400 4067 545 4130 hiscimus
564 4079 710 4152 praeterea
729 4073 840 4132 nullum
860 4087 922 4132 csse
941 4077 1000 4130 tam
1022 4074 1151 4129 sanctum
1172 4067 1311 4129 etlauda-

177 4145 233 4207 bilc
253 4143 308 4204 Dei
328 4148 503 4226 institutum,
517 4151 600 4231 ¹quod
620 4172 679 4212 non
698 4152 846 4212 bominum
865 4149 935 4210 vitio
955 4151 1001 4208 vel
1022 4149 1172 4244 depravari
1191 4147 1242 4208 rel
1259 4147 1310 4207 mi-

177 4243 233 4282 nna
252 4225 323 4286 utile
342 4225 421 4288 reddi
440 4229 599 4309 contingat.
644 4229 781 4291 Miramur
804 4249 864 4290 nun
886 4249 952 4288 uam
977 4249 1023 4288 res
1051 4249 1081 4288 m
1110 4227 1222 4288 mundo
1251 4233 1311 4288 tam

177 4301 250 4362 bene
269 4321 331 4363 esse
350 4316 541 4386 eonrparataa,
565 4317 598 4369 nt
621 4329 680 4370 non
700 4329 812 4391 semper
829 4250 897 4386 rudi
916 4309 954 4370 ali
996 4309 1023 4368 id
1042 4307 1124 4368 bonis
1144 4309 1183 4368 sit
1201 4305 1311 4367 admix-

177 4385 255 4455 tum,
283 4380 333 4441 aad
358 4380 414 4444 hoc
436 4385 505 4447 latit
527 4389 634 4470 ingenii
657 4390 749 4451 nostri
768 4391 902 4470 pravitas.
978 4395 1022 4450 rat
1041 4387 1089 4450 itta
1108 4407 1178 4450 rere
1198 4387 1311 4448 dininas
