2810 4850
568 211 696 280 CAPUT
714 217 749 278 11.
1054 261 1057 278 .
1188 229 1226 294 31

80 344 192 404 antem
211 333 275 402 ittie
291 332 436 425 hydriae
457 329 598 424 lapideae
619 355 678 400 sex
699 330 831 424 positae,
852 332 1026 404 secundum
1040 336 1226 430 purificatio·

82 465 160 510 nem
182 439 401 524 ludaeorum,
436 438 632 508 continentes
659 437 799 530 singtdao
827 437 949 508 circiter
972 451 1119 512 metretas
1147 445 1224 514 duas

84 547 228 618 veltres.
277 545 313 616 7.
341 544 437 626 Dicit
456 543 515 611 illis
538 544 642 612 lesnrs:
673 543 804 634 hnplete
825 543 953 635 hydrias
974 570 1064 638 aqua
1105 549 1149 620 Et
1169 552 1226 622 ine

84 653 253 745 ptevernnc
277 675 339 722 eas
361 674 464 742 usquc
488 650 530 717 ad
551 673 724 720 summum.
769 651 802 718 8.
833 647 877 720 Et
899 649 973 720 dicit
994 653 1070 737 illis,
1095 653 1224 726 Haurite

84 783 184 846 nrmc,
218 771 256 830 et
292 753 375 827 lente
400 755 613 826 architriclino.
657 755 701 824 Et
727 755 874 825 tulerunt.
916 755 1225 845 acuminum
1292 791 1296 802 ·

83 875 254 957 gustasset
277 863 499 932 architriclinus
521 885 637 956 aquam
659 861 770 930 vinum
792 861 905 932 saetam
927 867 1006 954 (non
1028 875 1162 934 noverat
1177 892 1226 936 au·

84 983 158 1040 tem
178 969 273 1038 unde
295 977 387 1052 emet,
414 969 472 1038 sed
499 968 634 1037 nrinisui
654 979 810 1038 noverant
830 969 886 1061 qui
905 969 1077 1040 hauserant
1097 979 1227 1062 aqrram)

87 1085 190 1145 vocat
210 1099 365 1168 sponsum
385 1074 621 1144 architriclinus.
668 1077 721 1146 10.
753 1073 796 1143 Et
817 1074 891 1143 dicit
910 1074 969 1161 illi,
990 1076 1104 1146 Omnis
1125 1076 1227 1146 homo
1289 1114 1291 1124 v

89 1181 195 1274 primo
224 1182 346 1250 honum
368 1181 480 1248 vinum
504 1182 610 1274 ponit:
643 1191 676 1250 et
698 1203 798 1273 quum
819 1180 961 1263 inebriati
986 1183 1118 1268 fuerint,
1149 1193 1228 1254 tuuc

86 1288 120 1356 id
147 1288 236 1379 quod
265 1287 405 1357 deterius
434 1297 496 1355 est:
529 1299 565 1356 tu
587 1311 666 1356 vero
686 1287 818 1357 servasti
839 1285 961 1356 bonnm
981 1287 1093 1356 ιίιιιιιιι
1113 1288 1225 1360 hucus-

87 1419 159 1487 que.
207 1397 261 1464 11.
289 1393 363 1463 Hoc
383 1392 574 1486 principium
595 1393 757 1486 signorum
778 1393 851 1462 lecit
871 1393 959 1463 lesus
980 1395 1014 1462 in
1036 1393 1123 1463 Cana
1145 1395 1225 1465 Gali·

86 1503 189 1586 lacae,
222 1513 256 1572 et
283 1499 497 1568 manifestarit
517 1499 650 1592 gloriam
676 1523 782 1586 suarn,
813 1510 845 1568 et
871 1499 1068 1571 crediderunt
1093 1501 1127 1570 in
1149 1526 1224 1572 euru

89 1607 232 1702 discipuli
253 1608 331 1676 eius.

170 1773 199 1833 1.
219 1767 475 1910 limonia
489 1777 559 1830 aunt
572 1775 605 1830 ia
622 1771 707 1831 Caco
721 1769 881 1832 Galilaeae.
907 1767 1007 1850 Qum
1021 1769 1138 1832 historia
1151 1769 1223 1834 haec

90 1850 216 1990 ttffitt
226 1849 1223 2012 'maducatcoactata-tntu

94 2015 131 2068 nt
261 2009 432 2082 ridebimm‚
452 2007 522 2068 aliae
541 2013 607 2068 sunt
626 2025 737 2083 causac,
778 2029 831 2070 uae
849 2009 931 2070 nobis
941 1973 1222 2072 camcommcndcntl

96 2085 121 2146 S
177 2107 215 2148 ex
230 2107 385 2169 progressu
402 2087 550 2168 multiplex
564 2086 670 2148 utilitas
679 2029 828 2150 dduuhios
838 2088 985 2150 constabit.
1008 2085 1118 2150 locum
1127 2091 1222 2171 primo

95 2167 226 2228 nominat
253 2165 436 2247 Evangelista
458 2165 535 2227 Cana
560 2166 717 2242 Galilaeae,
744 2186 804 2226 non
831 2167 910 2228 illam
938 2187 1012 2246 quaa
1041 2185 1142 2230 veram
1169 2167 1222 2230 Sa·

92 2254 206 2329 reprom
224 2247 290 2321 sita,
308 2249 385 2308 inter
402 2245 509 2326 Tyrum
528 2253 557 2307 et
572 2244 720 2318 Sidonem,
739 2246 831 2307 maior
849 2245 923 2307 dicta
942 2245 1088 2310 arthaim
1108 2248 1223 2308 alterim

89 2405 445 2487 t.

91 2507 164 2569 porc
183 2487 241 2550 illic
260 2487 321 2546 eins
339 2487 460 2546 nonninis
479 2485 620 2546 exstitisse
639 2485 706 2566 oppi
727 2485 815 2546 olum.
846 2445 975 2546 Vicinaln
995 2491 1071 2546 certe
1085 2483 1148 2546 urbi
1164 2483 1222 2548 Na·

92 2565 193 2627 ran-eth
210 2567 297 2627 fuisse
315 2566 449 2627 credibile
468 2572 525 2626 est:
546 2585 636 2646 qnam
654 2566 820 2646 nuptiarum
836 2584 923 2628 caasa
941 2585 976 2626 eo
990 2566 1099 2627 venerit
1114 2563 1221 2628 Christi

91 2652 193 2707 mater.
241 2645 344 2708 ltinern
373 2646 427 2706 dici
457 2647 541 2704 nnius
564 2663 582 2704 a
602 2645 782 2726 Capcmaum
806 2644 894 2708 fnisse
919 2645 1045 2706 dissitam
1068 2665 1106 2706 cx
1125 2647 1220 2728 capita

90 2733 195 2807 quarto
214 2725 363 2786 constabit.
408 2724 545 2786 vicinitas
570 2744 687 2805 quoqne
706 2725 783 2786 urbis
802 2724 952 2786 Bethsaida
971 2725 1036 2786 indo
1055 2725 1120 2788 coll'
1140 2727 1148 2744 ⁶
1167 2746 1220 2809 po·

90 2813 155 2880 test,
173 2805 253 2887 qnod
272 2805 369 2866 triduo
388 2811 453 2886 post
493 2823 540 2864 am
559 2805 589 2864 in
608 2803 712 2864 linibus
729 2805 785 2864 illis
800 2803 929 2866 Christus
942 2805 1045 2882 iuerat,
1064 2805 1123 2868 cele
1142 2813 1220 2868 ratas

90 2887 122 2946 in
135 2885 216 2947 Cana
233 2887 350 2967 nupcias
369 2883 456 2946 inisse
480 2883 645 2964 'vangelista
665 2891 874 2946 commemorat.
913 2883 986 2946 lieri
1005 2891 1100 2966 potest
1118 2892 1151 2947 ut
1163 2891 1219 2948 tar·

90 2967 130 3025 tia
148 2968 235 3026 auam
252 2985 312 3027 non
331 2964 434 3048 procul
452 2963 673 3043 hyerosolymae,
692 2971 722 3024 et
740 2971 835 3026 tamon
853 2971 935 3027 extm
950 2964 1106 3026 Gddacam
1124 2964 1218 3028 fucrit.

91 3043 150 3105 Sed
167 3046 225 3106 hoc
243 3047 312 3126 qnia
335 3043 405 3104 mihi
429 3045 572 3125 ignotum
596 3045 735 3124 relinquo.
773 3047 815 3105 Et
833 3055 898 3106 arnt
916 3055 1011 3106 marn·
1028 3049 1108 3107 Iam.
1149 3043 1219 3106 Pro·

90 3124 183 3186 babile
201 3132 246 3185 cst
262 3126 387 3221 aliquem
406 3123 493 3214 fuisse
511 3143 549 3184 ex
569 3125 783 3206 consanguineis
798 3123 912 3200 Christi,
931 3127 981 3207 qui
995 3143 1116 3186 uxorem
1130 3123 1219 3182 duxe-

91 3207 140 3264 rit.
176 3204 258 3264 lesus
276 3225 351 3266 cnam
368 3203 452 3264 matri
470 3209 607 3284 tanquam
631 3223 726 3264 comes
749 3203 797 3264 hic
820 3204 940 3265 additur.
982 3201 1069 3284 Quod
1089 3203 1220 3284 discipuli

94 3282 184 3341 sionni
201 3289 352 3358 vocantur,
373 3284 438 3344 indo
458 3283 553 3364 colligi
573 3291 680 3364 potest,
703 3304 790 3364 quam
808 3283 930 3366 simplex
949 3291 979 3347 ct
997 3284 1114 3364 frugalis
1134 3282 1219 3344 luerit

91 3362 137 3422 illi
158 3362 273 3422 vivendi
291 3363 369 3436 ratio,
391 3364 457 3444 qnia
476 3366 506 3424 in
527 3383 677 3426 commune
696 3383 762 3424 cum
778 3363 835 3423 illia
854 3363 975 3426 vivebat.
1015 3361 1074 3426 Sed
1094 3361 1150 3425 hoc
1168 3361 1217 3425 ab

90 3441 212 3502 surdum
237 3443 327 3502 videri
348 3449 457 3524 posset,
487 3443 565 3523 quod
589 3443 676 3504 homo
700 3463 759 3504 non
778 3441 932 3504 admodum
950 3446 1030 3505 dives
1047 3463 1102 3504 nac
1121 3444 1217 3522 copio-

89 3541 139 3581 sus
158 3522 205 3601 (nt
223 3521 331 3604 patebit
348 3544 386 3583 cx
405 3523 464 3583 vini
484 3523 607 3602 delecto)
627 3525 657 3582 in
668 3522 773 3582 Christi
811 3522 910 3581 saliam
929 3530 1053 3602 quatuor
1072 3528 1123 3580 aut
1136 3521 1217 3602 quin-

88 3621 147 3682 qua
165 3602 237 3662 alios
255 3603 364 3662 invitet
402 3601 519 3664 Verhm
532 3605 605 3664 inter
623 3604 723 3683 inopes
742 3540 851 3660 facilior
869 3605 921 3674 est,
939 3608 970 3662 et
987 3601 1077 3681 magis
1095 3600 1218 3679 ingenua

88 3682 232 3742 invitatio:
252 3683 319 3763 quia
338 3681 462 3743 dedecus
481 3703 539 3742 non
559 3689 701 3754 verentur,
721 3675 1070 3761 quemadmodumdivites
1086 3679 1110 3738 si
1123 3679 1219 3754 minuc

87 3761 166 3819 lanto
194 3769 223 3820 et
250 3763 397 3843 splendido
427 3761 552 3844 hospites
581 3781 648 3823 suos
676 3767 809 3822 tractent.
857 3759 988 3822 Priscum
1012 3759 1087 3822 enim
1105 3779 1217 3822 morem

88 3841 350 3902 communicationis
368 3849 466 3902 mutae
485 3861 623 3923 pauperes
643 3842 732 3924 magis
751 3841 881 3902 retinent.
919 3839 986 3902 Hoc
1003 3847 1098 3902 tamen
1117 3861 1217 3904 rursus

87 3937 190 3999 parum
209 3922 291 3981 civita
311 3922 440 3999 videtur,
505 3922 544 3981 od
562 3923 696 3982 convivas
720 3941 788 3984 suos
806 3923 914 4004 patitur
932 3924 1053 4004 splonsna
1072 3922 1103 3983 in
1122 3923 1216 3984 media

87 4017 180 4058 coena
203 4001 269 4059 aino
293 3999 418 4061 daatitni.
496 4019 543 4060 am
566 4021 668 4083 pamm
692 4002 860 4063 considerati
883 4001 1007 4064 hominis
1029 4007 1086 4078 cst,
1115 4003 1215 4064 vinum

86 4084 227 4157 qnmtrnn
245 4081 375 4140 convivia
394 4079 517 4142 sufficiat
535 4101 594 4142 non
612 4080 723 4142 habere
763 4080 934 4165 Respondeo
953 4083 1023 4144 nihil
1041 4083 1088 4142 hic
1106 4083 1216 4143 narrari

85 4157 165 4235 qnod
186 4177 243 4219 non
262 4160 428 4241 treqncmm
446 4160 564 4238 condat,
580 4163 747 4302 praesertim
766 4161 815 4223 uhi
834 4183 893 4224 non
908 4169 952 4224 est
966 4163 1214 4246 quotidianusvtni

85 4255 164 4298 mun.
195 4235 479 4303 Deindccontextus
498 4248 579 4303 osten
599 4244 629 4318 it,
648 4241 701 4302 sub
720 4240 807 4303 linem
826 4243 950 4304 conmvii
969 4263 1021 4304 coo
1040 4243 1095 4300 isso
1113 4242 1214 4302 vinum

86 4313 219 4395 ‘mma
248 4337 340 4402 quum
364 4318 422 4383 ianr
441 4337 481 4384 cx
494 4341 578 4386 more
597 4328 709 4385 saturos
727 4339 790 4386 essa
809 4330 963 4405 oporteret.
1027 4339 1053 4384 rc
1072 4321 1148 4384 onim
1172 4321 1214 4381 to·
1297 4387 1299 4394 ,
