2792 4856
450 311 455 320 .
548 233 700 322 'uleus
720 263 767 324 ιν.
1176 273 1212 334 71
1259 253 1269 268 ·

101 381 181 440 scari
196 375 422 461 poteratClulsti
442 375 557 438 druto.
587 377 647 438 seu
665 385 764 460 postea
783 379 896 460 lougius
910 397 960 439 eru
978 383 1044 444 ltao
1057 384 1117 444 aine
1131 386 1218 446 modo

103 466 241 540 grassatus
258 467 303 520 est
321 458 413 518 luror.
442 453 516 536 Ergo
535 475 571 518 ne
590 457 636 518 bie
656 457 927 538 labamur-,nummu
989 471 1161 540 mentem
1174 483 1217 524 re-

103 539 197 618 gulam
215 545 342 599 attentos
361 555 424 596 osse
442 555 493 596 uos
511 543 632 632 oportet.
659 537 738 598 Olim
752 537 875 610 suffitus,
894 537 1051 614 luminaris,
1068 549 1160 604 restes
1174 563 1217 602 u-

99 637 181 690 erae,
204 617 308 693 altare,
333 635 404 676 vasa
427 622 455 675 et
473 617 575 675 siuules
592 618 664 676 ritus
683 616 747 678 Deo
767 617 928 698 placebant,
948 637 1051 698 nempe
1106 621 1112 638 ⁸
1151 621 1216 682 obo-

97 698 301 757 dientianilril
318 695 590 777 habetgrutius'vel
609 698 698 776 magis
715 698 878 777 pretiosum.
919 695 1005 758 Nunc
1024 695 1076 756 aC
1095 701 1151 758 risti
1170 703 1216 760 arl-

95 784 193 836 ventu
215 783 327 836 mutata
349 781 391 834 est
413 776 490 834 ratio.
539 773 616 856 Ergo
633 773 709 856 'quid
728 776 809 834 uobis
828 778 857 835 in
875 773 955 834 Euan
993 775 1033 836 lio
1052 779 1218 858 proerembat

95 855 347 929 considerandum
365 875 401 914 ne
417 862 520 914 tunore
539 870 691 934 sequamur
710 856 787 936 quod
801 853 938 936 sublege
973 863 1049 916 utres
1066 864 1217 916 servarunt.

96 933 183 994 Nam
259 955 275 995 e
293 942 358 996 tunc
370 933 479 1016 fuitpia
489 953 634 994 saeuorum
648 933 817 1009 observatio,
837 933 920 995 hodie
930 936 1099 995 sceleratum
1113 935 1219 994 sacrib-

98 1015 189 1096 gium
218 1021 283 1078 oret.
309 1013 370 1073 Hoe
384 1013 576 1074 Samaritanus
596 1015 714 1096 decepit,
734 1015 878 1094 quianon
899 1013 1069 1095 reputabant
1083 1014 1114 1074 in
1129 1031 1222 1072 exem·

98 1094 160 1174 plo
174 1091 251 1153 lnoob
270 1100 403 1174 qnantum
423 1093 549 1154 differret
568 1096 702 1174 temporis
715 1095 795 1156 ratio.
819 1093 987 1154 Patriamhis
1001 1093 1101 1152 alteria
1116 1093 1223 1172 passim

96 1173 448 1333 ffliifflitiui
459 1169 1222 1334 tidotttlittiiittttttttttt‘tiit

88 1334 219 1391 -eessavit
237 1335 316 1412 prior
334 1332 459 1394 libertus
499 1331 561 1392 Hau
575 1333 687 1391 ratione
706 1331 814 1392 diculuot
833 1331 934 1406 Moses,
958 1327 1080 1390 Posthac
1099 1349 1157 1388 non
1176 1329 1217 1388 la·

93 1411 298 1507 elelisriuguli
317 1413 396 1492 quod
415 1411 468 1471 sibi
488 1417 598 1470 rectum
617 1413 710 1472 visum
730 1408 890 1506 meritust
908 1417 1019 1471 tantum
1038 1409 1115 1548 epponi
1134 1407 1217 1468 robis

92 1489 1003 1652 titttnsittttrilititttttitttttttl‘tt
1015 1493 1218 1628 iii-affl

91 1667 175 1707 usrrs.
215 1647 324 1710 Similis
343 1655 505 1746 praetextus
525 1655 586 1710 erat
605 1648 784 1709 adorantibus
803 1648 959 1709 in'Bethel.
999 1649 1059 1708 llliu
1077 1649 1153 1706 enim
1172 1663 1217 1704 su·

92 1727 265 1788 lemneDeo
285 1728 454 1789 sacraficium
473 1726 612 1788 obtulerat
625 1728 720 1802 iacob,
739 1727 789 1788 sed
807 1735 958 1808 postquam
971 1728 1066 1788 looum
1075 1725 1217 1785 Dominus

90 1805 308 1887 Hierosolymis
326 1807 531 1904 desipuerunt,
563 1807 682 1889 amplius
702 1828 760 1867 uon
778 1814 838 1868 erat
855 1807 968 1882 munet,
997 1807 1046 1868 sed
1064 1805 1238 1865 bethaum·

89 1883 183 1946 Nune
201 1887 332 1945 videmus
351 1905 415 1966 qum
434 1885 520 1944 luerit
538 1892 627 1979 status
640 1888 825 1980 'quaestionis
849 1885 1029 1982 Samaritanis
1039 1883 1156 1944 Patrurn
1169 1901 1218 1941 ex·

85 1961 1137 2118 titttrfftttt‘gtiltltttai'tutttltilt‘iitfflt
1157 1957 1220 2098 lit}
1268 2041 1272 2054 ·

93 2125 204 2179 tamen
232 2120 265 2178 in
292 2137 326 2178 ea
350 2119 510 2196 acquiescit.
560 2117 762 2176 Arloratiouem
782 2118 831 2176 hio
852 2121 973 2200 intellige
990 2141 1050 2182 nou
1068 2117 1221 2198 quamlibet

93 2200 185 2278 (nam
206 2197 380 2293 quotidianis
397 2193 530 2290 precibus
549 2195 655 2275 ubique
673 2195 754 2253 loeus
772 2195 859 2270 erat),
882 2195 931 2256 seul
954 2200 1000 2256 uui
1018 2215 1127 2256 annm
1145 2199 1224 2256 eruut

92 2276 250 2352 saer-illua,
271 2281 306 2334 ut
323 2273 439 2356 publroa
459 2281 489 2333 et
508 2273 641 2334 solemnis
661 2279 736 2334 esset
754 2274 895 2356 religionis
914 2275 1060 2358 professio.

180 2359 229 2418 21.
250 2355 368 2416 Mulier
375 2354 460 2414 erede
468 2355 549 2414 mitt
568 2351 663 2413 Prima
677 2353 807 2434 responsi
821 2355 864 2414 sui
878 2361 958 2436 perte
973 2355 1095 2414 breviter
1104 2369 1225 2412 ueremu-

95 2437 207 2497 nialem
226 2433 344 2508 uultum,
365 2432 415 2512 qui
434 2432 487 2491 sub
496 2429 573 2511 Lege
591 2432 686 2492 fuerat
703 2434 856 2509 institutus,
876 2433 977 2494 abolet.
1002 2431 1075 2494 Nem
1085 2451 1173 2512 quum
1183 2431 1223 2490 di·

98 2517 144 2574 oit
157 2514 261 2574 ‘borum
277 2514 384 2572 instare
397 2530 470 2591 quoe
482 2511 593 2570 nullum
603 2509 704 2571 habeat
711 2513 861 2592 proprium
871 2518 900 2572 et
908 2513 1077 2594 peculiarem
1086 2509 1220 2570 adorandi

96 2595 209 2666 locum,
228 2591 366 2671 rigrrilieat
384 2590 540 2671 temporale
559 2590 645 2650 luisse
665 2589 742 2670 quod
757 2591 1115 2664 traditumeMosesuerut,
1133 2595 1220 2672 atque

96 2675 139 2732 ita
162 2679 220 2731 tarn
238 2671 335 2731 adesse
347 2677 460 2750 tempus
471 2689 529 2750 quo
540 2669 666 2730 diruatur
674 2671 802 2730 maneria.
826 2668 890 2730 Huu
903 2671 989 2732 morlo
999 2672 1107 2732 uultum
1116 2668 1172 2729 Dei
1182 2689 1219 2730 ex

120 2750 245 2812 rioribus
265 2750 401 2828 augustiis
419 2749 552 2809 eductum
577 2747 660 2808 latius
679 2749 819 2824 extendit,
843 2757 878 2812 ut
901 2753 960 2810 eius
979 2751 1129 2846 participes
1148 2747 1220 2811 tunt

97 2773 281 2891 Samaritani.
306 2826 406 2906 Quum
420 2828 486 2888 dicit
495 2832 711 2901 mirelmont,
730 2843 862 2909 praeseus
872 2829 988 2890 estlooo
997 2830 1099 2892 lutum:
1120 2846 1219 2888 seusus

98 2917 144 2971 est
164 2916 267 2982 tumen,
285 2909 343 2966 iam
361 2927 450 2988 prope
468 2908 571 2967 instuue
590 2907 799 2987 abrogationem
817 2907 910 2990 Iegis,
969 2910 1004 2968 orl
1025 2909 1061 2968 ad
1079 2907 1236 2987 templum.

98 2997 128 3050 et
149 2987 346 3048 Sacerdotium
366 2993 528 3068 apostatet
551 2986 621 3046 ulios
645 2992 777 3046 externos
801 2989 882 3047 ritus.
957 3000 1033 3048 eum'
1046 2984 1220 3047 nominando

98 3071 226 3130 Putrem
244 3065 357 3126 videtur
376 3083 441 3125 emn
461 3065 575 3146 oblique
594 3083 738 3146 opponere
756 3064 888 3125 Patribus
908 3087 1030 3144 quorum
1046 3065 1222 3123 mentionem
1273 3123 1280 3132 ,

98 3149 208 3208 feeerat
225 3145 334 3220 mulier,
354 3145 411 3203 ausi
430 3144 543 3217 uiueret,
562 3141 658 3204 Deum
677 3163 856 3204 communem
874 3144 936 3203 loro
953 3143 1070 3203 Patrem
1089 3139 1220 3200 omnibus

101 3233 135 3286 ut
154 3227 211 3285 iam
229 3225 290 3284 siue
308 3223 438 3283 locorum
456 3228 486 3286 et
504 3223 630 3306 gentium
649 3222 808 3284 murone
827 3224 1015 3282 communitor
1033 3221 1174 3280 adoretur.

190 3371 244 3441 22.
276 3368 345 3440 Vos
366 3365 501 3435 adoratis
523 3366 609 3454 quorl
629 3368 770 3450 nescitis,
794 3389 855 3434 nos
876 3369 1040 3435 adoramus
1062 3363 1149 3455 quud
1170 3363 1225 3432 ω’-

102 3500 191 3546 mus:
214 3473 287 3568 qnia
309 3471 394 3543 salus
411 3469 655 3540 exludaeisest
681 3467 1008 3552 23=Serlvenithora
1030 3475 1227 3545 stnuncest,

103 3581 233 3676 quaudo
249 3580 317 3650 veri
332 3579 513 3664 adoratores
530 3571 705 3642 adorabunt
720 3571 846 3642 Patrem
860 3571 894 3640 in
904 3572 1024 3663 Spiritu
1039 3582 1072 3640 et
1086 3569 1227 3638 veritate:

103 3687 223 3758 etenim
234 3685 326 3754 Pater
339 3683 419 3752 tales
437 3679 559 3774 quaerit
576 3679 631 3771 qui
645 3678 775 3747 adorem
788 3679 903 3770 ipsum.
925 3671 980 3770 24.
997 3675 1087 3744 Deus
1104 3685 1151 3743 est
1160 3673 1227 3766 Spi-

103 3793 200 3860 ritus:
221 3801 255 3862 et
276 3813 332 3858 eos
354 3789 408 3882 qui
429 3787 559 3856 adorant
579 3785 693 3878 ipsum,
713 3785 878 3878 inSpiritu
900 3793 932 3852 et
952 3780 1081 3851 veritate
1101 3791 1223 3874 eportet

105 3895 249 3968 uberare.
276 3896 332 3968 25.
353 3894 437 3963 Dicit
457 3892 629 3977 eirnulier,
649 3891 723 3962 Seio
746 3889 975 3983 quodMessias
997 3899 1146 3957 venturam
1167 3899 1225 3971 est,

110 4001 165 4093 qui
185 4001 297 4070 dieitur
319 3999 475 4070 cumam
507 4021 607 4092 qurum
633 4021 708 4090 ergo
728 3997 851 4068 venerit
870 3996 937 4082 ille,
957 3996 1150 4066 annuntiabit
1169 4017 1225 4062 no

106 4106 158 4174 bis
181 4107 296 4192 omniu.
339 4105 392 4174 26.
419 4103 507 4184 Dicit
527 4103 557 4173 ei
577 4103 674 4189 lesus,
694 4101 764 4198 Ego
777 4097 859 4200 'sum
880 4102 934 4198 qui
953 4102 1067 4196 loquor
1083 4113 1203 4176 tecum.

125 4323 128 4330 ,
188 4255 238 4316 22.
268 4249 352 4310 Nune
375 4249 452 4330 quud
475 4247 598 4308 breviter
622 4249 753 4330 attigerat
769 4249 811 4310 'te
829 4238 917 4328 Legis
936 4248 1117 4329 abrogatione
1135 4243 1226 4304 fusim

109 4331 239 4414 exponit.
255 4327 413 4392 'Summam
430 4335 525 4390 tumen
544 4327 678 4390 erutonis
717 4329 816 4390 artitur
833 4327 864 4389 in
884 4327 940 4388 duo
958 4325 1094 4388 membru.
1117 4321 1227 4400 Priore,

109 4409 234 4476 turmam
254 4407 364 4471 ootmti
382 4405 438 4470 Dei
461 4425 534 4489 quae
550 4407 587 4468 ¹lu
610 4425 666 4466 usu
719 4411 779 4468 erat
797 4406 994 4482 simultane,
1024 4399 1228 4483 superstitionis
