2700 4844
466 197 601 262 Ιοιιιιί
618 163 718 262 xxi.
756 199 760 209 ·
1092 209 1151 273 455
1213 273 1216 282 Δ

27 317 53 372 rt
73 331 141 372 non
160 317 271 372 unium
290 299 392 372 δοίη
405 311 470 374 Deo
493 313 546 376 eibi
564 318 620 376 siut
633 311 709 376 bens
728 311 848 394 musei,
874 311 923 380 sed
947 319 1075 382 instructi
1094 323 1151 382 sint

27 393 101 472 apud
128 391 260 452 homines
278 397 357 452 reeta
376 391 550 470 defensioue,
569 395 616 454 ubi
635 396 715 456 loeus
734 403 764 456 et
782 396 900 457 nemus
919 398 1010 459 datur.
1048 397 1151 479 Neque

27 473 101 530 mim
128 471 185 530 sibi
204 471 282 530 deest
299 469 419 546 Paulus,
443 473 493 532 sed
516 473 691 536 innocentiae
710 493 778 536 suae
796 478 982 557 patrocinium
1001 477 1078 538 falsis
1097 481 1149 537 ui-

27 549 150 609 uinibus
169 549 285 636 cordate
303 551 432 632 opponit
451 547 588 613 Notemua
606 560 758 645 praetereo,
777 573 922 636 nunquam
939 575 1024 638 posse
1041 557 1144 638 impios

27 627 875 795 εεεει
892 635 1085 794 aaut
1104 655 1169 774 r:-

27 803 128 846 semur
152 805 187 846 os
205 785 341 867 improbis
360 786 518 863 obstruere,
549 806 606 849 non
626 791 665 850 ita
683 792 772 872 aeoipi
792 792 887 866 dmet,
916 793 997 873 quasi
1014 793 1148 854 immunis

27 863 140 960 'plnres
159 865 198 925 sit
215 865 250 926 ab
269 866 347 925 omni
365 865 438 962 iplsn
453 867 655 930 obtrectatione
673 869 798 950 quisquis
817 891 848 932 oe
865 878 1036 968 restegeret,
1055 871 1147 966 sedoul
1166 926 1167 932 ,

27 949 218 1082 ΜΖ
233 942 997 1110 uruituuttamaluaaalm
1009 950 1148 1090 ntea

27 1102 166 1170 odissem,
195 1103 409 1163 trustra'temen
428 1105 618 1180 maledixisse,
648 1125 736 1186 φιιιιιι
761 1127 840 1168 suam
859 1107 1047 1168 innocentium
1065 1107 1147 1169 trous

27 1188 173 1242 assereret.
193 1180 231 1258 lit
248 1189 342 1242 tamen
360 1185 581 1258 verisimlle'est,
599 1203 657 1244 non
677 1187 798 1247 nemisse
815 1187 891 1247 inlsis
906 1185 1033 1260 testibus,
1051 1191 1146 1268 nsque

29 1281 52 1318 n
72 1261 130 1320 illia
149 1259 445 1344 snbommriispipos
463 1263 563 1339 inisse,
587 1262 637 1324 sed
655 1267 723 1345 quia
740 1267 877 1326 invictum
896 1265 984 1328 robor
1002 1265 1145 1328 Dominus

27 1359 110 1398 nervo
140 1359 201 1414 suo,
218 1342 261 1402 ius
281 1342 350 1416 irai,
373 1349 407 1400 ut
425 1342 535 1422 fulgore
553 1359 622 1402 suae
639 1343 785 1424 probitatis
803 1363 891 1404 sanes
910 1363 1009 1406 oomni
1027 1344 1145 1406 nebulae

27 1417 166 1493 lieentiat,
184 1363 327 1502 pudeibeti
343 1422 436 1479 iaoent
453 1421 606 1481 etdemunr'
619 1439 683 1482 eum
696 1423 827 1482 infamiae
843 1425 981 1500 mlumnia
997 1424 1144 1484 disosdnnt

27 1517 35 1556 ι
57 1497 175 1559 iudicio.
208 1499 359 1558 Caeterum
377 1495 459 1557 Pauli
478 1499 602 1559 defensio
621 1502 755 1574 ostendit,
779 1501 881 1582 qudrus
899 1505 1050 1584 praecipue
1068 1502 1143 1574 calu

27 1578 106 1636 nens
126 1595 194 1636 οιιιιι
213 1576 549 1658 oppugnavesiutlndsei.
568 1575 650 1636 Prius
664 1580 768 1638 crimen
783 1588 843 1638 eret
857 1583 985 1662 impietas
999 1583 1029 1642 iu
1038 1580 1143 1655 Deunu

27 1654 101 1735 {uod
120 1652 227 1739 Legem
244 1661 382 1714 everteret
394 1665 435 1714 'ae
447 1653 586 1736 templum
600 1655 750 1736 pollueret:
771 1659 897 1730 alterum,
916 1659 1030 1720 rebellio
1046 1661 1143 1721 adver·
1184 1697 1189 1708 .

27 1732 234 1792 suscessorem
253 1739 283 1792 et
295 1731 455 1792 Romanum
474 1735 632 1814 imperium,
651 1735 727 1814 quod
746 1734 851 1814 ubique
870 1739 1018 1798 senuitaret
1036 1739 1143 1798 turbas.

27 1813 184 1892 Unumque
204 1818 236 1872 ut
255 1809 374 1872 dilueret
391 1810 503 1872 adiutus
522 1814 577 1872 luit
594 1813 727 1892 singulari
736 1811 792 1872 Dei
810 1815 907 1893 gutia,
922 1817 976 1896 *qui
995 1815 1143 1910 splspdere

27 1893 91 1952 iussit
114 1909 232 1955 suorum
250 1891 437 1952 innoeeniiam
455 1893 546 1954 instar
562 1911 689 1952 amorne.
815 1906 819 1922 ’

111 2047 142 2113 9.
177 2045 291 2114 Festus
323 2057 428 2115 eutem
460 2047 571 2116 volens
596 2046 757 2139 gratificari
783 2047 917 2130 ludaeis,
949 2047 1142 2138 respondens

27 2151 139 2236 Paulo,
164 2151 258 2237 dixit,
285 2151 340 2221 Vis
362 2149 615 2244 Hierosolymam
644 2151 825 2236 escendere,
851 2163 884 2220 et
903 2151 946 2220 ibi
968 2149 1007 2220 de
1028 2151 1077 2219 his
1099 2153 1141 2226 iu-

27 2258 118 2328 dicari
145 2259 229 2348 apud
254 2260 327 2327 nie?
377 2260 428 2324 10.
450 2257 540 2328 Dixit
561 2269 667 2326 autem
689 2257 820 2342 Paulus,
851 2259 892 2324 ad
913 2257 1046 2324 tribunal
1067 2257 1141 2325 Cae·
1225 2251 1230 2256 ’
1321 2263 1322 2266 ’

27 2363 107 2431 serris¹
127 2374 193 2446 sto,
224 2363 292 2430 ubi
305 2373 430 2454 oportet
458 2387 511 2458 me
537 2363 675 2431 indicari.
719 2361 838 2431 ludaeis
860 2363 978 2430 nullam
999 2363 1141 2429 iniuriam
1321 2393 1322 2400 ε

27 2467 95 2552 leci,
128 2468 217 2536 sicuti
249 2472 293 2536 et'
307 2479 343 2536 tn
370 2469 482 2538 moliris
509 2469 601 2536 nosti.
647 2467 698 2535 11¹.
721 2467 757 2536 Si
778 2467 862 2536 euim
889 2463 1031 2534 iniurium
1053 2468 1142 2550 lucio,

27 2573 76 2642 vol
97 2573 225 2664 ἂίςιιιιιιι
247 2572 363 2664 aliquid
384 2586 486 2644 morte
508 2573 660 2656 commisi,
682 2597 748 2641 non
769 2595 880 2642 recuso
902 2572 996 2640 moris
1017 2571 1141 2640 sivero

27 2677 102 2746 nibil
129 2689 177 2746 est
199 2701 318 2763 eorum,
339 2679 378 2749 de
400 2681 514 2772 quibus
535 2690 680 2750 accusant
701 2702 768 2761 me,
789 2701 884 2746 nemo
905 2687 1011 2769 potest
1031 2701 1082 2744 me
1104 2675 1140 2741 il·

27 2786 64 2851 lis
87 2783 212 2854 donare.
256 2783 420 2862 Caesarem
442 2787 575 2880 appello.
622 2782 1015 2870 namnetensem
1037 2781 1140 2850 conci-

27 2891 67 2959 lio
105 2890 303 2983 oolloquutus
341 2893 516 3016 rospomit,
547 2891 713 2962 Caesarem
745 2889 915 2984 appelasti?
957 2890 996 2958 ed
1029 2885 1138 2957 Caesa-

27 3020 91 3065 rem
111 2997 177 3064 ibis.
241 3037 246 3044 ·
370 3031 374 3040 ·
674 3001 678 3008 '
1095 3023 1096 3028 ¹

105 3159 131 3218 9.
150 3159 254 3217 Festus
272 3165 369 3219 oulen
387 3160 491 3218 oolerse.
534 3156 604 3216 Sive
632 3156 736 3252 aliquid
765 3155 801 3216 de
829 3155 933 3216 insidiis
962 3153 1139 3214 intellexerat

27 3231 233 3314 Fertne,'qund
252 3238 389 3296 eoniirere
406 3243 573 3318 promptum
589 3243 647 3310 est,
667 3255 726 3296 sive
744 3255 859 3315 prorsus
878 3234 981 3295 inanius
1000 3239 1069 3303 orat,
1087 3233 1138 3290 ini-

28 3333 83 3394 que
100 3321 191 3374 temen
209 3333 226 3373 a
247 3317 269 3374 'i
286 3333 351 3375 eum
370 3314 475 3389 Paulo,
493 3333 528 3374 ue
545 3315 675 3375 videmus
695 3332 781 3394 quam
799 3313 935 3374 flexibiles
953 3313 1011 3374 rint
1028 3309 1065 3371 ad
1079 3329 1137 3378 our-
1187 3392 1188 3396 Ἰ

28 3413 91 3454 nem
110 3401 222 3474 eorrupt
249 3413 304 3469 um,
322 3397 485 3475 quicunque
503 3414 562 3454 uon
581 3401 703 3472 aguntur
721 3391 777 3452 Dei
796 3393 912 3473 Spiritu.
945 3391 1045 3471 Neque
1063 3391 1138 3449 enim

29 3493 65 3533 ex
83 3471 207 3552 proiesso
226 3472 325 3534 Fertne
344 3471 466 3534 Paulum
485 3475 639 3534 coutemnit
657 3472 704 3534 vel
723 3473 789 3532 odio
808 3471 908 3546 hebet,
927 3471 976 3532 sed
994 3469 1139 3552 praevalet

28 3551 153 3626 ambitio,
176 3549 352 3614 sorte-eliam
371 3553 443 3613 lueri
461 3552 613 3634 cupiditas,
636 3553 721 3613 utin
744 3552 871 3612 favorem
895 3551 1027 3611 adversae
1051 3547 1139 3630 pesile

28 3633 151 3694 illumin
168 3633 267 3692 mortis
286 3632 434 3694 discrimen
452 3632 555 3694 iniuste
572 3637 706 3714 exponat.
734 3629 883 3690 Probabile
901 3631 976 3690 enim
994 3636 1047 3702 est,
1067 3647 1138 3686 mer·

29 3711 101 3776 celis
123 3731 235 3790 quoqne
258 3711 346 3772 odore
364 3711 451 3772 fnisse
466 3712 615 3787 ¹allectum,
639 3717 671 3770 ut
689 3715 747 3769 tam
766 3709 885 3789 benigne
903 3728 1012 3768 morem
1030 3711 1140 3786 gereret

29 3789 220 3850 saoerdotibns.
259 3789 363 3850 biirum
386 3797 480 3851 tamen
503 3799 559 3874 ept,
588 3789 732 3871 quomodo
756 3791 902 3869 optionem
924 3785 1014 3846 Paulo
1039 3801 1138 3876 conee-

30 3871 88 3942 dat,
111 3887 142 3926 ae
159 3887 217 3928 non
235 3871 329 3950 potius
348 3871 468 3929 inritum
487 3887 540 3951 pro
558 3871 676 3950 imperio
695 3869 789 3930 iubeat
808 3867 917 3927 deduci.
958 3860 1042 3925 Certe
1060 3863 1138 3922 oodr-

30 3947 115 4029 gimus
142 3955 218 4008 metu
246 3955 386 4008 retentum
410 3965 486 4022 esse,
514 3967 551 4009 ne
574 3949 618 4008 ius
643 3964 776 4008 romanae
795 3949 931 4019 civitatis,
960 3943 1037 4024 quod
1056 3940 1139 4000 vnlde

30 4027 152 4104 odiosum
175 4033 236 4086 erui
258 4027 575 4108 enimen,inlringereb
614 4023 717 4087 Studet
735 4033 831 4088 tamen
849 4025 986 4086 fallariter
1005 4023 1137 4116 indueere
1180 4061 1183 4069 ι

30 4105 154 4177 Paulum,
178 4123 215 4164 ne
233 4105 448 4184 Hierosolymae
466 4107 503 4168 de
521 4105 632 4167 sederi
649 4106 783 4167 iudicium
802 4112 928 4166 reeuset:
952 4119 1137 4196 nequeenim
1251 4115 1256 4122 ·

30 4204 91 4244 eum
112 4183 213 4244 latebat
235 4186 313 4265 quod
332 4186 444 4260 aoeidit,
467 4187 514 4266 ius
531 4186 703 4266 provocandi
722 4203 785 4247 esee
804 4185 859 4245 civi
878 4203 1010 4256 romano,
1033 4187 1065 4240 ut
1083 4179 1137 4240 sibi

30 4283 84 4326 nou
106 4265 197 4325 liceret
215 4265 332 4324 ulterius
351 4265 490 4346 progredi
509 4263 618 4325 interea
637 4285 687 4346 per
705 4284 772 4328 eum
790 4285 850 4329 non
869 4265 962 4341 stetit,
985 4262 1136 4345 ponnus

31 4343 159 4406 suimus
176 4343 330 4407 latronibus
348 4345 530 4410 maohudum
548 4344 689 4407 oblineret.
737 4401 741 4408 .
