2810 4850
141 267 148 284 ·
186 251 225 314 rr
388 227 391 232 “
550 183 616 306 Ιιιι
634 235 775 308 arcus.
793 237 925 308 roam.

185 364 283 428 Tertio
301 359 433 426 admonet
450 360 565 422 minbue
580 359 741 422 umerum
759 379 820 422 esse
838 381 876 422 ne
896 359 1047 442 qucquam
1066 359 1149 423 noble
1168 359 1255 435 desit,
1278 365 1303 422 ei
1392 383 1397 420 ε

186 445 274 509 modo
292 443 453 506 hauriamus
470 459 509 501 ex
528 439 633 502 Christi
652 441 839 522 plenitudine,
891 458 943 500 nac
967 442 1008 500 sic
1029 441 1154 502 numeris
1170 441 1304 503 omnibus
1398 471 1399 492 ι

250 530 313 586 ecta
336 529 392 598 est,
414 527 448 581 ut
471 522 581 582 sensuri
597 521 705 597 lsimus,
728 539 796 582 vere
817 523 865 582 ine
906 526 1019 582 austum
1042 540 1104 582 cese
1125 519 1246 584 fontem:
1275 527 1306 582 et

162 667 164 675 ,
201 623 305 667 oannes
323 620 413 662 unum
426 619 462 664 ‚se
480 619 518 662 cx
535 600 652 680 reliquis
669 599 745 674 lacit,
765 621 824 660 non
842 600 996 660 modestiae
1014 617 1107 677 causa
1126 601 1178 661 scd
1196 608 1229 662 nt
1247 601 1305 664 cla·
1398 625 1399 660 ι

185 686 247 748 rius
264 687 359 764 pateat
375 681 517 741 neminem
529 699 646 761 prorsus
659 680 760 762 excipi.
784 677 913 740 Dubium
924 685 1020 740 lamen
1034 687 1085 753 cst,
1104 682 1306 761 generaliteroe

185 765 223 826 de
240 769 310 824 loto·
320 779 422 843 genere
440 758 565 821 huorono
583 759 730 840 loquatur,
758 779 797 820 au
814 765 925 820 unum
944 779 994 822 eos
1012 759 1151 840 intelligat
1169 763 1219 841 qui
1239 763 1307 842 post
1398 789 1399 822 1

186 843 334 905 Christum
356 841 386 901 in
409 837 799 936 carne'exbibitumupleuius
817 837 971 936 factipunt
989 837 1132 934 bonorum
1150 841 1209 900 cius
1228 859 1306 900 com·

183 929 283 1064 {llil
300 915 1308 1082 ,illinisti‘idasitdiffidi?dalbiiffisdi
1357 949 1399 1074 ἣ

183 1101 252 1144 meu
278 1079 404 1152 subiicit,
432 1077 522 1160 magis
544 1075 691 1159 probabile
713 1085 760 1138 est
778 1077 824 1138 hic
862 1080 959 1158 roprie
977 1078 1096 1160 abipso
1115 1077 1308 1140 commendari
1398 1101 1399 1124 ι

182 1159 303 1224 uberem
320 1159 403 1218 istam
422 1157 564 1218 bonorum
582 1157 708 1238 copiam,
773 1177 820 1218 am
838 1099 968 1218 ghristus
986 1157 1112 1218 adventu
1136 1178 1189 1218 suo
1208 1164 1307 1238 protu-
1398 1191 1399 1222 ι

182 1239 226 1301 lit.
271 1237 385 1298 Scimus
413 1238 488 1298 enim
516 1236 629 1319 parcius
657 1236 710 1297 sub
794 1255 810 1296 e
834 1243 945 1319 gulata
968 1236 1056 1298 fuisse
1079 1235 1137 1298 Dei
1161 1236 1306 1312 termus,
1398 1263 1399 1310 3

183 1317 300 1416 Christo
318 1324 415 1382 autem
432 1317 463 1377 in
481 1335 565 1378 carne
583 1315 720 1412 exhibito,
744 1318 825 1412 quasi
842 1317 927 1398 plena
946 1335 1034 1377 mauu
1052 1316 1150 1413 eflusa·
1163 1316 1249 1376 fuisse
1267 1313 1307 1412 ad
1398 1319 1399 1402 l

182 1395 727 1560 liffdmdalirddhulilii
743 1395 1198 1559 utltrtllttdtttl:
1217 1401 1307 1534 {iii
1398 1445 1399 1536 l

182 1558 271 1619 modo
298 1575 333 1617 ac
361 1557 470 1617 ratione
494 1555 673 1636 dispensandi
695 1554 808 1637 loquor.
857 1553 934 1636 Ergo
953 1553 1072 1616 loannes
1096 1562 1131 1616 ut
1154 1552 1307 1634 discipulos
1398 1549 1399 1596 i

182 1656 251 1698 suos
270 1637 371 1697 mrbus
390 1635 427 1696 ad
446 1634 592 1696 Christum
610 1635 719 1708 invitet,
738 1635 904 1716 pronuntiat
923 1634 1055 1695 omnibns
1073 1635 1104 1695 iu
1120 1653 1157 1694 eo
1176 1633 1306 1716 proposi·
1398 1651 1399 1710 p

182 1723 244 1778 tam
262 1733 323 1778 esse
341 1716 482 1776 bonorum
501 1715 605 1796 quibm
624 1714 815 1775 destituuntur
833 1715 954 1795 copiam.
1004 1711 1177 1794 Quanquam
1200 1714 1225 1772 si
1243 1713 1308 1772 lon·
1398 1717 1399 1756 ³

182 1798 247 1878 gius
264 1796 420 1857 extendere
437 1795 557 1876 placeat,
574 1793 646 1855 nihil
663 1795 695 1853 iu
712 1813 748 1856 co
767 1795 853 1854 etiam
871 1795 926 1854 erit
943 1792 1069 1854 absurdi:
1087 1796 1146 1854 imo
1155 1798 1308 1852 contextus
1398 1819 1399 1828 ι

181 1896 243 1938 non
260 1875 335 1936 male
352 1873 409 1935 hoc
426 1875 513 1934 modo
532 1875 615 1948 lloet,
643 1891 742 1934 omncs
764 1872 800 1932 ab
824 1874 903 1933 initio
921 1875 1022 1934 muudi
1041 1879 1134 1954 patres
1152 1889 1170 1930 a
1189 1869 1307 1930 Christo
1398 1937 1399 1956 χ

182 1953 311 2016 hausisse
330 1953 465 2034 quicquid
483 1953 632 2014 habuerint
650 1953 803 2019 donorum:
833 1953 900 2032 quia
924 1954 1036 2014 camebi
1054 1950 1115 2012 Lex
1133 1969 1185 2034 per
1204 1947 1308 2009 Mosen
1398 1983 1399 1990 ι

183 2035 250 2095 dala
278 2041 366 2108 esset,
394 2053 453 2094 uon
476 2040 573 2094 tamen
591 2032 656 2094 inde
675 2035 794 2115 gratiam
813 2031 993 2094 obtinuerint
1040 2029 1102 2112 Ego
1121 2037 1215 2090 tamen
1237 2028 1309 2108 quid

184 2113 257 2176 mihi
275 2115 410 2195 placeret,
429 2113 508 2194 prius
526 2113 648 2174 ostendi:
667 2133 772 2192 nempe
790 2113 869 2193 quod
886 2112 935 2172 hic
953 2108 1309 2192 compatribusuoslcan·

182 2212 235 2257 nes
254 2194 390 2268 conserat,
412 2199 446 2252 ut
464 2193 518 2252 bae
536 2193 747 2274 comparatione
767 2192 845 2272 quod
864 2191 945 2252 nobis
966 2192 1063 2250 datum
1083 2195 1126 2250 est
1145 2187 1306 2268 amplificet.
1383 2209 1387 2218 ·

181 2275 226 2337 Er
242 2281 376 2356 gruttam
392 2294 451 2352 pro
470 2280 578 2352 grotta
627 2269 784 2349 Quomodo
813 2271 910 2330 locum
933 2269 1011 2330 bunc
1029 2275 1156 2350 exponat
1172 2269 1307 2346 Augrreti-
1398 2339 1399 2354 χ

181 2371 248 2428 nus,
267 2353 335 2412 satis
354 2358 455 2412 notum
475 2357 527 2410 est
572 2347 717 2431 Quicquid
735 2349 841 2409 sedicet
858 2348 999 2409 bonorum
1017 2348 1171 2408 identidem
1188 2347 1269 2408 uobis
1289 2367 1308 2406 a

181 2429 249 2490 Deo
268 2431 441 2510 suggeritur,
464 2435 494 2489 et
515 2429 631 2490 tandem
652 2431 741 2489 vitam
760 2435 916 2504 aeteruum,
939 2447 998 2488 non
1016 2429 1123 2490 meritis
1141 2427 1245 2487 uostris
1264 2445 1309 2486 re-

54 2525 58 2530 ·
182 2507 270 2592 pendi
297 2510 379 2588 quasi
407 2507 529 2567 debitam
556 2509 730 2584 mercedem,
759 2507 810 2567 scd
837 2505 893 2569 boc
921 2525 1016 2568 merae
1040 2527 1101 2570 esse
1125 2506 1310 2580 liberalitatis,

127 2649 134 2658 ,
182 2587 264 2668 quod
281 2588 391 2669 priores
409 2588 513 2667 grabes
531 2587 571 2647 ila
589 2594 750 2649 remunerat
767 2585 864 2664 Deus,
893 2593 922 2648 et
945 2589 1020 2648 dona
1038 2587 1069 2646 iu
1087 2587 1170 2648 uobis
1189 2605 1241 2646 sua
1260 2605 1312 2646 ec·
1398 2645 1399 2676 ,

182 2671 275 2762 rapat.
323 2665 375 2726 Pie
426 2666 518 2762 uidem
533 2667 572 2763 ‘id
594 2675 625 2728 ct
647 2671 717 2732 scite
737 2669 857 2763 dictum,
885 2667 937 2728 sed
960 2667 997 2727 ad
1016 2674 1194 2763 praesentem
1211 2667 1312 2726 locum

182 2751 392 2886 hiddila
412 2747 808 2907 ,ttlttffttttttt
826 2766 857 2886 t
872 2754 1313 2908 tttgtltttluttttt

234 2923 325 2984 aeque
343 2923 381 2964 ex
399 2903 455 2964 boc
473 2903 551 3000 fonte
570 2925 694 2965 manare.
718 2904 821 3002 lfossct
838 2907 1032 3001 eliamaccipi
1051 2908 1133 2986 qnasi
1150 2911 1219 2967 uota
1237 2905 1313 2965 iina-
1398 2999 1399 3008 ἵ

181 2991 567 3142 adulabatur?
584 3004 663 3143 {tlt
680 2985 1153 3145 tttpgtatdttttbltt
1172 3006 1190 3045 ⁰
1207 3084 1244 3144 ,0
1264 3003 1313 3123 t:

181 3161 250 3203 men
267 3161 368 3204 eorunm
386 3143 538 3204 sententiae
578 3145 652 3202 otius
670 3143 826 3214 subscribo,
846 3143 897 3222 qui
911 3163 964 3204 uos
977 3145 1085 3226 irrigari
1098 3145 1194 3204 dieunt
1207 3141 1314 3202 eilusie

180 3223 214 3283 in
231 3220 377 3282 Christum
401 3223 505 3304 gratiis.
556 3165 645 3300 {laod
671 3223 748 3282 eninr
771 3221 925 3283 aCbristo
947 3226 1113 3306 accipimus,
1141 3244 1201 3284 nou
1219 3223 1314 3284 modo

181 3307 319 3382 unquam
337 3299 417 3362 Deus
435 3300 518 3361 nobie
536 3303 667 3384 largitur,
686 3302 737 3360 sed
755 3300 842 3362 Pater
860 3303 891 3362 in
909 3323 976 3364 eum
995 3305 1128 3380 contulit,
1148 3302 1227 3386 quod
1246 3309 1315 3367 lan-

181 3399 271 3521 puam
288 3401 341 3461 per
360 3381 487 3442 canalem
506 3382 542 3441 od
560 3401 614 3442 noa
632 3387 767 3442 manaret.
807 3379 886 3442 Haec
904 3389 948 3444 est
964 3385 1071 3480 pactio,
1091 3403 1147 3477 pua
1166 3382 1317 3443 delibutus

195 3467 251 3537 ort,
280 3467 324 3558 ut⁸
335 3479 505 3558 uesperum
525 3481 624 3523 omncs
642 3468 768 3542 ungeret.
813 3459 897 3522 Unde
915 3469 945 3524 et
962 3464 1009 3524 rlle
1030 3461 1158 3522 Obrutus
1177 3468 1316 3557 vocatur,

180 3557 236 3664 ψ
256 3538 489 3696 ppusppppbx
498 3625 680 3704 perMosea.
708 3619 763 3681 Est
781 3622 930 3702 prolepsis,
943 3621 978 3686 ¹iu
998 3639 1056 3700 qua
1073 3621 1221 3700 praevenit
1240 3639 1315 3681 con·

181 3700 298 3794 tmuium
316 3703 522 3840 exceptionem:
548 3700 631 3760 Tanti
650 3703 807 3796 onimnerat
826 3701 902 3782 apud
915 3700 1033 3760 ludaeos
1047 3699 1152 3772 Moses,
1171 3705 1205 3758 ut
1223 3717 1316 3795 aegre

181 3793 336 3856 quicquam
366 3800 382 3839 a
429 3801 465 3840 eo
495 3781 638 3839 diversum
668 3781 856 3840 adnuttcreut
904 3777 1001 3858 Docet
1025 3800 1093 3862 crgo
1116 3777 1315 3860 Evangcbsta,

179 3863 290 3936 quanto
316 3857 432 3920 inferius
456 3860 542 3920 luerit
565 3857 653 3918 blesis
677 3859 864 3918 ministerium
884 3858 990 3920 Cluisii
1014 3863 1164 3941 potestate.
1213 3855 1316 3918 Simul
1398 3927 1399 3930 Ἴ

180 3937 936 4080 llmltlllltlllllbllllmldldb
954 3939 1084 4079 app.
1110 3957 1316 4078 ἒἭ.

181 4034 352 4189 μᾟῃὲιιο
371 4096 449 4176 quod
467 4065 515 4156 ifle
535 4097 643 4170 attulit,
666 4059 776 4158 si'cum
796 4097 902 4158 Christi
921 4038 1010 4178 garhtgih
1029 4039 1198 4159 scalper-lilla.
1238 4096 1316 4156 Erat

180 4173 257 4240 enim
276 4173 384 4270 ahcqui
401 4193 536 4272 magnum
555 4175 741 4249 obstaculum,
758 4177 841 4272 puod
855 4197 938 4237 ecex
952 4175 1029 4260 Lege
1041 4178 1148 4238 habere
1163 4177 1316 4258 putabant,
1398 4255 1399 4276 Χ

180 4253 840 4414 desperatarum·
853 4255 1181 4398 Mum
1198 4263 1316 4396 atu:

180 4395 244 4473 rum
269 4375 325 4494 legi
348 4414 469 4474 defuisse
495 4356 641 4503 rigrhcat.
680 4359 811 4478 §datm
830 4423 926 4478 aulem
946 4377 1011 4478 nico
1031 4417 1135 4478 indicio
1154 4357 1210 4496 ph
1228 4416 1316 4478 firma
1398 4453 1399 4456 =
