2786 4866
425 296 430 306 .
559 256 688 319 carm
709 258 769 322 vu.
1155 235 1232 329 ³127-

90 375 305 470 quadraginta.
350 369 414 438 37.ι
438 367 497 436 Hic
525 381 574 438 est
595 369 702 440 Moses
733 373 786 464 qui
809 371 886 440 dixit
912 373 984 442 fitis
1006 373 1113 444 lsrael:
1146 375 1218 444 Pro
1344 378 1347 384 ’

89 486 220 578 phetam
247 479 341 548 vebis
367 463 526 556 suscitabit
553 475 713 547 Dominus
735 479 825 548 Deus
853 491 957 550 vestm
984 483 1132 554 emedio
1162 478 1218 553 ire

90 603 176 658 trum
198 597 390 664 vestrorum,
413 582 492 648 sicut
514 607 575 665 me,
595 584 700 674 ipsum
724 586 836 653 audite.

169 699 217 761 35.
258 693 351 755 Multa
371 692 474 752 omittit
492 689 542 750 Ste
563 691 662 767 hauns,
683 690 804 774 quia‘ad
824 695 896 756 benc
915 715 1053 756 summam
1073 707 1216 784 properat,

90 787 122 840 ut
140 777 303 854 intelligant
323 771 428 844 ludaei,
447 781 501 830 um
520 713 584 831 idio
605 773 765 854 redemptos
786 775 872 854 fuisse
891 773 999 851 Patres,
1019 777 1146 858 quodid
1165 801 1216 842 sna

7 881 8 886 ¹
90 861 196 940 pietate
236 853 363 914 romeriti
383 857 488 926 esseut,
516 851 565 910 sed
595 851 716 932 indignis
740 857 908 936 praestitum
932 855 1018 917 fuisse
1037 857 1093 917 hoe
1106 855 1216 921 benefi-

91 940 185 1010 cium,
216 877 316 993 deindo
339 950 377 989 ex
402 931 455 989 illis
477 931 633 1013 primordiis
658 935 830 1013 sperandum
849 955 911 995 esse
930 935 1034 1016 aliquid
1054 938 1214 1018 perfectius.

93 1015 195 1094 Quum
210 1013 304 1073 Moses
319 1011 463 1071 ordinatus
479 1025 490 1081 t
507 1008 571 1070 Deo
592 1011 697 1072 vindex
716 1033 815 1074 eorum
834 1034 869 1074 ac
887 1015 1049 1095 redemptor
1067 1019 1123 1077 iam
1142 1017 1217 1080 toret

95 1093 305 1189 quodammodo
324 1094 352 1148 in
373 1091 525 1170 procinctu,
545 1092 621 1150 viam
640 1093 680 1151 illi
695 1095 918 1173 praecluserant.
958 1093 1042 1154 Nunc
1056 1096 1216 1178 ergoDeue

95 1175 177 1256 ‹puasi
195 1175 299 1232 inritos
319 1170 438 1230 redimit.
480 1152 562 1246 Quod
588 1171 622 1230 de
648 1173 791 1232 miraculis
811 1181 840 1232 et
859 1176 996 1254 portentis
1016 1173 1136 1251 additur,
1155 1183 1214 1240 tum

95 1255 133 1324 ad
152 1256 254 1333 gratiae
273 1249 328 1310 Dei
347 1249 629 1324 commendationem,
649 1271 739 1330 quam
755 1253 790 1312 ad
811 1253 1005 1314 illustrandam
1025 1253 1111 1315 blesis
1130 1277 1214 1318 voca·

95 1337 201 1394 tionem
229 1335 359 1412 pertinet.
399 1329 507 1393 ‘Mirum
531 1337 607 1390 certe
631 1339 688 1406 est,
718 1331 796 1412 quod
816 1330 896 1392 Deus
916 1339 975 1392 tom
993 1335 1096 1412 ingrati
1114 1337 1213 1418 populi

93 1431 177 1472 causa
196 1413 330 1471 virtutem
350 1428 430 1468 suum
450 1411 529 1487 variis
548 1412 687 1491 portentis
706 1430 836 1488 exserere
856 1411 994 1492 dignetur.
1028 1411 1087 1473 Sed
1106 1416 1214 1477 interea

91 1513 176 1553 servo
200 1511 253 1551 suo
279 1491 474 1550 auctoritatem
486 1489 627 1567 conciliat.
676 1487 753 1570 Ergo
778 1490 855 1571 quod
874 1499 974 1572 postea
992 1493 1085 1552 minus
1105 1493 1146 1553 illi
1165 1495 1213 1555 de·

91 1573 185 1632 feriunt.
204 1570 314 1642 ludaei,
344 1588 419 1627 nunc
444 1569 571 1631 comiciis
590 1587 657 1628 eum
677 1569 788 1650 abigere
807 1577 931 1632 tentant.
961 1593 1037 1642 nuuc
1055 1573 1211 1650 fastidiunt,

89 1671 167 1712 nuuc
185 1669 251 1712 cum
270 1670 306 1708 eo
326 1652 464 1717 nutritur,
484 1658 557 1712 tuno¹
571 1647 612 1706 illi
632 1649 808 1730 obstrepunt,
827 1671 904 1710 nuuc
917 1652 1092 1712 tumultuose
1106 1653 1212 1714 iueum

90 1735 249 1810 insurgunt,
267 1731 297 1788 in
317 1749 353 1788 eo
373 1735 403 1788 et
422 1727 550 1788 mallium
569 1747 650 1786 suam
665 1733 694 1786 el
709 1731 825 1808 impium
836 1731 943 1810 gratiae
953 1727 1211 1813 Dei‘contemptum

89 1813 179 1892 magis
200 1809 333 1890 produnt.
375 1807 416 1867 lto
436 1804 542 1893 senper
560 1816 642 1866 aucta
661 1806 715 1866 tuit
733 1808 892 1889 indignitas,
913 1817 945 1870 ut
962 1808 1059 1870 Deum
1078 1819 1211 1892 oportue·

88 1895 127 1952 rit
145 1893 218 1950 mim
236 1887 371 1970 patientia
391 1893 494 1953 certam
510 1905 577 1946 cum
594 1893 653 1946 tam
673 1907 807 1966 perverso
827 1895 856 1950 et
875 1891 1034 1950 contumaci
1054 1891 1178 1971 populo,

168 1974 340 2050 Principem
358 1979 386 2029 et
405 1991 437 2029 re
513 1977 613 2028 torem.
634 1966 849 2030 subaudiendus
868 1975 935 2030 sunt
954 1969 1122 2044 antitheses,
1138 1989 1212 2050 quac

88 2052 195 2110 crimen
216 2051 394 2128 eiaggerant.
415 2045 483 2106 ’Μο
520 2049 694 2128 proruissent,
714 2047 738 2107 si
757 2049 915 2128 praefectus
934 2049 1032 2109 luisset
1051 2069 1068 2108 a
1087 2055 1211 2129 tyranno

88 2131 189 2202 iudex,
218 2127 320 2190 uDeo
345 2133 440 2186 autem
508 2130 622 2186 stitutus
642 2135 670 2187 et
690 2129 804 2207 quidem
822 2129 986 2208 redemptor
1005 2127 1125 2208 superbe
1145 2149 1211 2190 cou-

86 2212 223 2270 temnitur
241 2227 276 2268 ac
295 2209 446 2288 respuitur.
461 2146 520 2270 upa
541 2208 690 2287 imperium
710 2209 869 2288 spernendo
888 2211 980 2288 impii,
1010 2209 1130 2289 gratiam
1148 2211 1211 2269 reii-

86 2289 191 2350 eiendo
212 2289 314 2369 ingrati
356 2307 451 2366 usque
472 2286 586 2373 luerunt.
633 2284 720 2365 quod
739 2294 834 2346 autem
853 2288 924 2348 adeo
944 2287 1133 2358 honorificum
1152 2289 1210 2350 elo·

53 2389 55 2393 ·
86 2371 167 2448 gium
186 2367 320 2428 tribuitur
335 2309 426 2440 ilasi,
452 2366 480 2424 in
498 2385 530 2431 eo
549 2385 607 2425 nou
628 2369 666 2424 itu
685 2363 767 2426 Deus
786 2365 912 2428 debitum
931 2368 983 2428 sibi
1002 2367 1141 2430 bonorem
1159 2368 1211 2429 bo·

87 2450 159 2509 mini
178 2447 345 2522 transcribit,
364 2453 398 2506 ut
418 2447 564 2539 quicpam
584 2445 620 2506 de
638 2447 700 2505 iure
720 2467 773 2506 suo
792 2449 910 2508 minuat.
939 2445 1039 2528 Neque
1059 2451 1133 2508 enim
1153 2449 1210 2510 alio

88 2547 176 2588 seusu
196 2529 358 2608 redemptor
376 2525 614 2600 vocatumltloses,
634 2527 688 2585 uisi
708 2529 774 2606 quie
793 2525 850 2588 Dei
869 2529 997 2588 minister
1016 2529 1078 2587 tuit.
1113 2529 1224 2610 Atque‘

88 2608 148 2666 boe
166 2605 252 2666 modo
270 2595 355 2688 penes
375 2603 568 2678 unumlieum
590 2608 676 2666 tutius
697 2607 789 2687 operis
807 2609 898 2688 gloria
917 2611 946 2668 in
966 2607 1087 2666 solidum
1106 2616 1211 2670 manet.

86 2671 240 2748 Discamus
264 2707 331 2768 wgo
356 2687 467 2766 quoties
487 2675 537 2748 liei
562 2685 652 2746 titulis
676 2693 814 2746 ornantur
835 2686 980 2762 homines,
1008 2708 1065 2746 nou
1095 2687 1213 2770 spoliari

85 2765 183 2826 Deum
213 2767 265 2827 suo
294 2767 416 2826 honoret
446 2766 496 2827 sed
519 2767 594 2848 pund
618 2785 670 2848 per
689 2787 806 2826 manum
824 2787 924 2828 eorum
944 2786 1017 2848 opus
1037 2771 1210 2848 exsequitur,

84 2850 125 2906 ita
145 2842 344 2912 commendari.
374 2845 439 2906 lluc
458 2854 564 2928 spedat
583 2847 660 2928 quod
676 2845 743 2906 dicit
752 2845 923 2928 Stephanus,
943 2847 1105 2908 mandatam
1124 2847 1211 2910 tuisse

83 2925 158 2986 binni
177 2927 252 2987 banc
272 2929 446 3008 provinciam
467 2927 495 2986 in
516 2947 598 2988 nanu
618 2925 718 3006 angeli.
767 2923 841 2988 Nam
870 2925 927 2988 hoo
951 2928 1038 2988 modo
1063 2925 1211 2988 subiicitur

82 3003 178 3066 Moses
197 3005 322 3081 Christo,
343 3013 375 3066 ut
396 3006 526 3072 subeiut
543 3007 631 3066 ductu
650 3024 684 3066 ac
703 3007 834 3101 auspiciis
854 3007 921 3066 obse
962 3008 1022 3066 ’um
1041 3005 1106 3066 Deo
1125 3027 1211 3068 suum

81 3085 225 3166 praebeat.
254 3087 371 3148 Munus
391 3087 467 3148 enim
486 3085 529 3157 bit
548 3107 607 3146 non
647 3105 681 3145 ro
701 3085 900 3160 ministeriun
954 3087 1116 3167 principatu
1134 3087 1210 3167 capi·

82 3173 141 3226 tur.
182 3163 281 3243 Quare
300 3167 340 3226 sic
359 3187 428 3228 usus
448 3173 493 3227 est
511 3160 588 3229 Deus
608 3105 695 3224 tinus
716 3184 818 3260 opere,
838 3171 871 3224 ut
890 3163 996 3228 Christi
1014 3167 1104 3226 virtus
1123 3184 1211 3246 supra
1281 3225 1284 3232 ,

82 3245 355 3384 {tibitibi}
370 3243 986 3401 ttttttltmtttttttt‘ttttlt
1003 3241 1211 3403 tttltttr

80 3404 126 3462 ris
145 3410 176 3464 et
194 3405 311 3466 effectus
331 3405 366 3464 ab
387 3425 422 3466 eo
442 3405 504 3465 solo
523 3404 649 3493 pendent.

160 3485 208 3548 37.
248 3487 430 3566 Proptetum
455 3485 531 3549 unite
552 3492 714 3545 mettoott.
753 3480 806 3542 His
831 3459 924 3542 verbis
949 3501 1009 3542 nou
1028 3479 1146 3543 dubium
1165 3487 1210 3544 est
1274 3463 1278 3471 ¹
1356 3453 1385 3540 ⁸,

79 3563 150 3642 quin
189 3563 291 3626 robure
310 3565 379 3626 velit
399 3563 571 3644 Stephanus,
596 3561 744 3624 Christum
763 3581 825 3622 esse
844 3561 932 3622 finem
950 3557 1048 3643 Legis:
1078 3563 1209 3642 quamvis

78 3641 136 3701 boe
155 3583 231 3704 cire
249 3663 309 3706 uon
328 3646 476 3728 exprimat.
511 3639 548 3706 ll
566 3663 643 3716 sane,
661 3650 697 3704 ut
714 3645 771 3704 iem
790 3641 922 3736 diximus,
941 3662 1001 3702 uon
1020 3649 1148 3704 recenset
1160 3639 1209 3702 bic

78 3719 118 3780 ad
137 3721 258 3784 verbum
277 3721 367 3786 buces
387 3734 571 3806 quaecunque
589 3729 661 3784 tuuc
679 3743 696 3784 a
715 3721 863 3804 Stephano
884 3721 960 3818 dueta
985 3729 1067 3818 nupt,
1095 3721 1146 3818 ped
1164 3741 1207 3782 re-

77 3820 145 3896 rum
156 3803 257 3898 'capita
274 3811 374 3900 notare
391 3805 435 3901 illi
453 3805 521 3864 satis
541 3811 590 3900 est:
639 3801 731 3899 Pprro
755 3821 841 3886 supra
859 3809 1055 3898 caprteutertro
1075 3799 1207 3876 ἀιιιιοιιιο,

75 3900 120 3940 suc
139 3889 194 3978 pte
213 3881 270 3942 hoc
287 3890 481 3980 testrmomum
499 3891 587 3966 aptari
608 3881 732 3979 sslrrrsto,
753 3889 787 3942 ut
805 3889 900 3943 tamen
919 3883 982 3942 alus
1001 3902 1059 3978 quo
1100 3877 1206 3977 οξτο·

73 3959 172 4057 ρΙιοῑιι
196 3969 354 4059 couremat.
402 3961 560 4060 Postquam
584 3985 661 4060 epum
680 3961 777 4060 bloses
814 3963 931 4044 opidum
951 3968 1042 4059 returt
1082 3979 1119 4022 uc
1138 3961 1206 4022 illuc

70 4049 319 4180 pppmsNgentmm
334 4043 584 4184 'supersbbonpbus
603 4049 871 4183 ¹³⁰i<⁹¹llpq¹¹¹l⁰gQ
883 4063 964 4180 sleqm
983 4041 1093 4158 debeat,
1113 4049 1205 4182 οὖὶοιι-

68 4199 153 4260 uu
172 4129 319 4283 „tub
332 4131 539 4287 tttpttt
557 4131 698 4274 tutti
716 4143 815 4283 tlt,
831 4129 1111 4264 tttttttfttu
1143 4143 1205 4264 tt

68 4295 146 4338 vero
165 4287 276 4342 certum
294 4292 352 4356 est,
380 4283 537 4365 temporale
560 4283 646 4344 tidsse
665 4282 872 4364 Prophetamm
892 4281 1091 4357 ministerium,
1120 4283 1204 4342 sicuti

67 4353 178 4442 Iagis:
204 4361 296 4423 donec
315 4361 446 4424 Christus
465 4365 580 4448 plenam
603 4364 757 4445 sapientiae
813 4362 978 4422 rfectionem
995 4361 1102 4423 mundo
1122 4361 1203 4420 atter-

38 4518 41 4528 *
65 4443 128 4500 ret.
169 4435 234 4502 Ηιιο
253 4442 351 4522 itaque
369 4449 479 4524 spectat
497 4441 635 4525 Stephani
655 4443 760 4519 oratio,
810 4461 892 4520 osen,
913 4441 982 4502 dum
1000 4443 1087 4502 olium
1107 4439 1203 4502 docto
