2818 4848
565 161 692 282 unum
710 219 777 284 ΧΠ.
798 259 802 274 ·
1172 235 1231 298 24³

95 337 206 418 darius
224 339 326 416 pateat,
344 333 380 392 iu
397 333 494 413 primo
512 333 602 416 poda
620 335 740 400 locando
758 345 803 400 est
816 337 875 402 Dei
894 339 1035 416 volnntos,
1058 345 1087 403 in
1107 348 1232 410 seeundo

97 417 235 476 voluntas
251 413 376 474 hominis
396 415 507 473 sineera
527 422 556 474 ot
574 416 692 498 integra,
712 418 827 499 qualem
846 417 926 480 Dens
944 419 1026 480 Adae
1044 423 1183 488 indiderat
1201 435 1232 490 et
1308 423 1311 436 ’

99 496 192 577 quotis
209 497 238 554 in
258 492 377 554 Christo
397 492 461 564 fnit,
491 494 521 552 iu
545 502 689 575 postrenum
707 505 815 572 nostra,
844 517 919 577 qnae
937 501 1046 582 precati
1065 508 1231 587 contagione

95 577 200 636 inserta
218 580 271 636 est.
312 571 457 634 Voluntas
477 571 536 634 Dei
556 575 656 656 rogulo
679 585 737 651 est,
766 579 812 638 eui
836 577 1074 660 solid-oportet
1137 587 1144 602 '
1201 587 1230 648 'd

95 662 142 716 ert
169 653 299 714 hierius.
350 651 414 712 lam
439 671 513 733 pum
536 661 654 715 mouns
678 655 1023 738 voluntasDooperse
1129 665 1228 728 'non

94 735 161 796 erite
181 733 296 794 homini
314 739 423 806 tamam
440 733 551 793 etiamsi
569 740 648 796 totus
662 735 698 796 ad
713 737 909 798 rectitudinem
922 737 1061 802 romarus
1076 741 1121 816 sit,
1140 745 1229 806 multu

94 811 304 897 impedimenta
324 819 479 885 euenirent,
498 813 553 874 nisi
572 833 640 874 suos
659 815 852 880 monastico
867 816 986 897 subigat
1012 817 1130 881 Christo
1143 824 1229 904 igitur

95 914 191 954 unum
210 899 242 952 et
261 893 383 974 aimplex
401 897 542 954 pedamen
560 892 628 966 luit,
657 901 691 954 nt
812 897 975 958 naturaliter
995 897 1112 960 timebat
1130 903 1229 964 timere

96 975 258 1046 &sinmet
277 993 364 1051 quum
381 972 511 1053 agnoseit
526 971 608 1034 riter
617 970 682 1034 Deo
698 995 718 1054 p
746 993 818 1038 uere.
847 973 936 1036 Nobis
951 983 1045 1038 autem
1055 978 1161 1060 duplex
1170 989 1227 1043 rot:

98 1053 173 1132 quia
192 1069 262 1112 oum
280 1053 367 1112 oen-nis
383 1058 497 1111 normae
515 1054 693 1114 ooutumaoia
712 1053 876 1117 luctandum
895 1061 946 1116 eet.
975 1052 1050 1118 Hine
1066 1057 1101 1118 fit
1119 1067 1153 1120 nt
1171 1061 1228 1122 for·

99 1133 206 1194 rosini
225 1131 331 1212 quiquo
348 1128 471 1192 athletae
489 1149 548 1192 nun
649 1139 745 1194 umen
755 1133 1032 1214 ubsquevulnereeu
1068 1144 1138 1200 rent.
1162 1143 1228 1202 Po·
1324 1134 1332 1169 ¹*

100 1221 157 1285 ter,
176 1227 259 1272 seron
277 1233 329 1270 ore.
358 1207 417 1270 ffie
434 1208 505 1270 ordo
523 1151 778 1272 nffonuandus
798 1219 850 1288 ert,
871 1215 982 1295 quoties
1000 1231 1021 1272 v
1062 1221 1228 1302 metuangi·

97 1311 167 1352 mur
184 1289 231 1350 vel
250 1291 360 1350 utimur
379 1288 488 1362 dolore,
506 1295 540 1350 nt
558 1293 654 1354 suan
672 1292 759 1352 eordo
777 1299 874 1358 notua
893 1313 925 1354 se
942 1293 1084 1356 adDeum
1098 1297 1225 1360 efferum.

97 1369 175 1432 Nihil
193 1370 271 1435 mim
289 1370 416 1430 deterius
435 1375 479 1430 est
498 1369 544 1430 vol
568 1371 658 1451 magis
681 1371 813 1447 noxium,
842 1391 928 1452 quiam
950 1374 1028 1434 intus
1050 1375 1127 1436 alere
1149 1378 1228 1458 quud

96 1469 149 1512 noo
167 1451 290 1511 muniat:
311 1449 398 1509 simii
416 1447 546 1510 ridemur
564 1448 669 1512 bonam
687 1452 786 1512 mundi
804 1459 914 1533 portem
933 1471 964 1514 se
983 1453 1115 1514 arrodere
1133 1459 1226 1524 soemo

96 1531 251 1591 munds.
277 1528 378 1610 Atque
397 1527 584 1605 homnibus,
603 1529 654 1610 qui
673 1529 1049 1614 adDeumnonassurguut,
1067 1531 1139 1596 hoen
1150 1537 1228 1598 iusto

94 1617 136 1672 ar
153 1609 306 1672 socordiae
322 1627 427 1689 poena,
446 1627 484 1668 ne
503 1609 655 1690 quiequam
675 1610 823 1674 levationis
842 1611 971 1672 sentmnt.

174 1693 224 1754 28.
263 1691 371 1765 Pela,
391 1690 532 1768 glorifico
548 1711 653 1750 nornen
672 1706 765 1752 ruam.
803 1690 856 1750 His
879 1691 972 1752 verbis
991 1689 1083 1753 Patris
1107 1692 1226 1774 glorim
1264 1713 1267 1720 ·

91 1789 126 1831 oe
145 1769 211 1830 aliis
231 1767 363 1828 omninno
403 1767 526 1830 rossem
544 1773 674 1844 testatur,
693 1771 778 1832 etiam
797 1769 957 1850 posthabito
976 1757 1141 1855 etnegle'eta
1150 1777 1226 1836 ritae

94 1851 219 1911 ratione.
258 1847 354 1928 Atque
376 1788 448 1908 iseo
472 1865 542 1908 vera
565 1849 681 1908 donnum
699 1855 743 1912 est
762 1849 896 1910 votorum
915 1851 1042 1910 omnium
1061 1851 1227 1930 moderatio,

91 1932 123 1988 si
140 1927 202 1988 Dei
221 1928 341 2007 gloriam
362 1930 401 1988 ito
425 1929 601 2008 expetimus,
630 1935 663 1988 ut
691 1929 800 2009 reliqna
825 1930 918 1990 omnia
942 1929 1039 1990 locum
1057 1932 1098 1992 eis
1116 1931 1225 1992 eedont.

96 2007 180 2104 Haeo
198 2009 277 2066 enim
296 2007 485 2088 eompensatio
505 2007 616 2068 abunde
634 2007 717 2104 pubis
735 2007 868 2068 sufficere
887 2008 978 2080 debet,
996 2016 1167 2088 utquaeoun
1208 2029 1226 2072 o

94 2085 922 2247 mliilttil'lit‘tlliifiit’ni‘
964 2089 1130 2244 'titis
1144 2109 1225 2228 nii

93 2269 167 2328 opos
187 2265 327 2308 manuum
346 2264 464 2308 suarum
483 2246 751 2322 nnfflnmunserit,
780 2253 815 2306 ut
832 2244 868 2304 ha
937 2265 952 2305 r
969 2243 1084 2306 Psalmo
1103 2249 1176 2322 138,
1195 2251 1224 2311 8.

94 2327 251 2388 metm
270 2328 339 2406 qnia
356 2321 415 2386 Dei
434 2327 583 2386 eonsilium
602 2327 671 2398 fuit,
701 2327 793 2387 erneis
817 2325 949 2386 scandolo
973 2343 1136 2398 occurrere,
1164 2345 1224 2388 nou

94 2407 185 2466 modo
204 2406 346 2486 promittit
364 2405 518 2486 gloriosam
534 2405 597 2467 fore
611 2405 717 2466 Christi
735 2412 867 2480 montom,
886 2405 939 2464 sed
954 2403 1039 2464 simul
1058 2411 1103 2466 tot
1122 2405 1225 2466 deeora

98 2483 289 2558 eommendm,
310 2483 411 2564 quibus
429 2503 493 2546 eom
511 2485 569 2546 ium
587 2487 666 2566 prius
685 2491 844 2546 ornaverat.
899 2535 901 2543 Α
1265 2507 1268 2514 ’

181 2567 230 2628 29.
259 2567 387 2625 Tooitra
400 2567 518 2644 suctum
536 2587 605 2626 erre.
644 2563 709 2625 Hoc
728 2571 805 2626 uario
823 2565 953 2646 prodigio
972 2564 1071 2638 simile,
1132 2563 1169 2624 od
1188 2563 1227 2626 ad

95 2643 1226 2806 mmmm

879 2765 887 2798 i

96 2806 199 2866 tulerat
217 2803 309 2866 Deus.
389 2804 406 2820 ''
425 2804 521 2864 minus
540 2802 655 2864 hebetes
673 2805 797 2866 mullum
815 2811 909 2864 tamen
929 2803 1089 2864 diluiuum
1108 2821 1146 2862 ex
1165 2823 1223 2864 ma·

94 2886 194 2944 ketate
217 2885 332 2944 divinae
355 2885 452 2956 vocis,
480 2903 571 2964 qnam
593 2883 725 2965 angelum
747 2883 787 2944 fin
846 2889 1031 2948 tunctorum.
1070 2879 1129 2942 Sed
1148 2882 1225 2942 ideut

95 2963 180 3024 hodie
198 2983 253 3024 usn
273 2981 391 3058 quoque
410 2963 497 3023 venit.
527 2961 601 3022 Nam
619 2965 687 3023 salis
706 2963 759 3024 arti
806 2969 851 3024 ate
864 2959 1224 3044 loquitnrDeusinEvon·
1321 2989 1327 3000 ’

94 3043 178 3124 pelio,
198 3051 230 3102 et
247 3043 307 3102 illie
324 3063 370 3102 vu
388 3049 420 3102 et
438 3043 550 3122 energia
569 3041 693 3124 Spiritus
712 3063 742 3102 se
761 3041 878 3122 profert,
898 3060 971 3121 quoe
990 3040 1102 3100 eoelum
1121 3047 1152 3100 et
1169 3047 1226 3100 ter-

96 3141 160 3182 rum
190 3128 345 3181 eonontere
373 3121 485 3182 aunt:
514 3122 566 3182 sed
589 3130 649 3182 tam
673 3121 707 3181 iii
727 3121 772 3182 'da
795 3127 839 3180 est
864 3121 939 3200 apud
963 3120 1068 3180 multos
1088 3118 1225 3190 doctriua,

97 3201 184 3280 qnasi
202 3207 317 3260 tantum
335 3199 370 3260 ab
388 3199 502 3264 homine
521 3203 673 3282 mortalip
728 3203 734 3218 '
768 3207 793 3275 t,
817 3199 879 3258 aliis
898 3217 967 3258 vero
987 3197 1090 3280 bulbus
1106 3203 1150 3257 est
1168 3195 1226 3257 Dei

98 3297 199 3340 sumo
217 3297 253 3339 ao
271 3277 404 3340 bonomo
421 3301 479 3341 non
498 3299 581 3342 secus
601 3301 635 3342 ao
652 3282 769 3340 tonitru.
809 3275 965 3356 Quaeritur
982 3283 1091 3350 tamem
1110 3295 1147 3336 au
1166 3276 1225 3336 irn-

96 3366 160 3420 stm
180 3365 212 3419 et
229 3353 293 3418 sine
313 3359 372 3419 ullo
389 3361 517 3442 proiectu
535 3381 596 3420 vox
619 3359 668 3420 illa
688 3360 724 3420 de
743 3358 823 3418 eoelo
843 3357 1005 3416 insonuerit.
1044 3354 1226 3435 Respondeo,

137 3438 176 3500 od
205 3437 256 3500 iria
279 3437 380 3500 turbae
400 3438 580 3522 Evangelirla
602 3438 701 3499 tribuit
728 3437 841 3512 nonnisi
868 3435 899 3495 in
922 3443 1031 3515 portem
1056 3439 1225 3512 competere

95 3459 225 3580 iuuerunt
244 3520 321 3579 euim
340 3527 452 3600 praetor
466 3520 623 3600 Apostolos
642 3517 728 3578 etiam
747 3517 834 3596 aliqui
853 3515 948 3574 miuus
967 3513 1072 3572 sinistri
1089 3512 1226 3591 interpra-

95 3604 152 3656 tesz
172 3595 414 3680 sedEvaugelista
433 3599 558 3660 breviter
576 3604 675 3659 notare
694 3596 795 3670 voluit,
816 3595 885 3676 quid
903 3593 1064 3674 promiscue
1078 3587 1225 3648 inmundo

95 3675 160 3814 {ieri
177 3677 283 3753 soleat,
311 3699 414 3762 nempe
434 3678 513 3761 qnod
532 3679 624 3739 maior
642 3695 709 3760 pars
728 3675 825 3737 Deum
844 3673 960 3736 audiens
979 3671 1054 3732 clare
1073 3673 1103 3728 et
1122 3687 1226 3730 sonore

204 3761 263 3818 tm
282 3777 342 3818 non
361 3759 449 3819 audit.
599 3811 603 3818 .
1214 3794 1217 3805 ·

110 3773 225 3898 miii·
249 3839 322 3900 Non
336 3849 464 3920 propter
481 3861 535 3901 ose.
575 3837 680 3900 Annon
699 3834 913 3904 eonio-motione
933 3851 1006 3914 opus
1025 3830 1124 3892 lubuit
1144 3827 1225 3890 Chri·

95 3920 173 3988 stur,
202 3915 248 3974 val
269 3920 411 3980 minorem
435 3921 496 3978 eins
516 3937 613 3978 curum
633 3937 720 3997 quam
739 3917 827 3976 nostri
846 3913 945 3996 habuit
964 3909 1067 3972 Pater?
1106 3907 1165 3969 Sed
1184 3915 1224 3970 te-

93 3993 223 4054 nendum
247 4003 289 4057 est
311 3997 384 4058 illud
425 3999 588 4081 rineipium:
628 3995 719 4056 Sicuti
739 3995 871 4055 Christus
890 3998 987 4052 nostra
1006 4009 1091 4051 eausa
1110 4007 1225 4050 carnem
1342 4063 1347 4068 Ι

384 4019 573 4140 ibororum
592 4078 701 4156 aeoepit
716 4073 836 4147 aPotre,
857 4080 954 4132 nostra
973 4088 1058 4130 oousa
1077 4067 1163 4129 inisse
1182 4067 1226 4126 illi

92 4075 194 4150 induit,
213 4075 254 4136 fla
315 4080 324 4095 '
363 4099 394 4138 m

90 4155 238 4216 pullatum.
268 4097 384 4220 ffl,
404 4158 462 4218 hoe
479 4176 596 4239 quoque
614 4175 714 4216 verum
733 4161 786 4229 est,
804 4172 905 4212 vooem
924 4171 944 4212 a
961 4151 1041 4210 ooolo
1060 4149 1148 4209 inisse
1166 4146 1223 4207 edi·

21 4309 22 4316 ἵ
90 4239 148 4294 tam
167 4237 272 4318 populi
290 4245 439 4320 respectu:
463 4250 556 4318 neque
576 4238 652 4296 enim
671 4243 790 4296 externo
810 4231 947 4292 miraculo
967 4249 1040 4311 opus
1059 4230 1120 4324 ipse
1139 4225 1224 4286 habo-

89 4311 146 4374 bat.
187 4313 284 4378 Porro
307 4317 358 4378 hic
380 4317 464 4377 tacita
490 4323 533 4378 est
557 4315 751 4397 exprobratio,
781 4311 859 4393 qnod
878 4310 974 4372 ludaei
997 4328 1079 4389 quau
1098 4305 1225 4386 lapidum

88 4395 180 4454 instar
198 4396 281 4458 surdi
300 4397 359 4457 siut
377 4397 415 4458 od
433 4395 490 4458 Dei
507 4413 622 4458 rooemr
652 4413 720 4456 narn
744 4411 835 4475 quum
860 4409 969 4530 eorum1
973 4405 1070 4530 ἔξω
1088 4385 1224 4463 loquatur
