2786 4866
534 219 663 300 §APUT
683 221 745 284 Vll.
811 235 815 246 '
972 233 975 246 '
1140 225 1199 290 137

85 293 133 396 iud
148 293 286 395 balneum
305 340 445 416 putarunt
462 337 600 400 dumont
618 311 774 406 structura,
802 335 1040 419 quemadmodum
1060 357 1112 419 per
1130 337 1199 400 Pro·

84 415 190 575 [th
207 434 292 474 suum
312 419 506 498 conqueritur,
524 417 655 478 iniuriam
674 417 727 478 sibi
746 438 764 478 a
783 419 892 500 populo
912 418 982 492 lieri,
1002 419 1070 478 dnm
1084 418 1148 480 loco
1160 419 1200 478 al·

95 496 176 554 'atus
202 491 329 575 lingitur.
379 493 531 558 Caeterum
553 516 614 556 non
637 497 702 558 ideo
726 496 821 558 solum
846 497 989 575 invehitur
1007 496 1150 578 Propheta
1170 501 1201 558 in

83 573 197 648 ludaeos,
221 574 300 654 quod
319 573 417 636 Deum
435 577 627 656 superstitiose
646 577 779 652 colerent,
799 583 932 658 putantes
951 577 1059 654 templo
1079 577 1200 638 aitixnm

82 671 137 712 esse
154 653 212 712 eius
230 673 353 730 numen,
382 654 433 715 sed
457 657 525 735 qnia
548 656 629 716 illum
648 658 827 717 aestimantes
846 677 884 722 ex
903 676 956 718 suo
976 657 1094 728 affectu,
1122 664 1199 736 post·

81 750 159 812 quam
177 731 322 792 sacrificiis
341 739 372 794 et
389 741 507 796 extum
526 756 632 816 pompa
651 736 776 797 defuncti
796 744 886 810 erant,
905 735 1050 815 lingebant
1067 736 1120 795 sibi
1140 737 1199 832 pla·
1295 805 1297 810 ,

80 819 167 872 catum
195 832 257 874 esse
286 811 416 892 adeoque
445 813 609 874 obnoxium
654 815 710 876 Hic
734 816 795 877 iere
820 817 978 877 communis
996 815 1052 874 fuit
1072 835 1201 876 omnium
1288 865 1291 872 ,

80 897 197 952 aetatum
219 911 313 964 error,
343 893 421 972 quod
444 893 574 954 homines
598 895 712 975 frigidas
736 897 909 956 oeoemouias
933 899 1071 975 putarunt
1089 895 1202 956 munda

80 971 113 1029 ad
132 972 238 1047 cultum
255 969 311 1032 Dei
331 971 472 1033 suilioere.
509 971 600 1034 'Ratio
619 981 678 1052 est,
703 975 769 1054 qnia
790 995 879 1055 quum
898 975 955 1034 sint
974 975 1100 1036 morales
1119 995 1200 1036 mun·

81 1049 171 1130 doque
189 1051 297 1125 addicti,
317 1049 413 1112 Deum
432 1054 622 1133 imaginantur
640 1055 685 1114 sui
703 1055 831 1116 similem.
870 1051 949 1134 Ergo
964 1051 1054 1130 Deus,
1074 1059 1107 1114 ut
1126 1055 1202 1114 hunc

81 1127 134 1188 illis
152 1137 293 1212 stuporem
312 1133 447 1209 excutiat,
467 1153 499 1194 ae
518 1135 612 1194 omnia
632 1135 774 1213 praedicat
793 1133 921 1214 implere.

154 1211 199 1273 49.
237 1209 312 1272 Nam
336 1213 415 1294 quud
438 1215 549 1274 coelum
574 1213 642 1272 dicit
664 1232 727 1272 esse
751 1213 846 1272 sedem
870 1231 951 1272 suam
975 1219 1005 1272 et
1028 1221 1138 1274 tmom
1158 1231 1202 1274 aa·
1255 1245 1258 1260 ·

79 1289 167 1369 signat
179 1290 337 1352 ,scabellum
356 1291 476 1372 pedibus
495 1295 562 1366 saris,
581 1312 639 1352 non
659 1293 699 1352 ita
718 1293 806 1372 accipi
826 1289 919 1366 debet,
944 1292 1025 1372 quasi
1045 1294 1082 1352 sit
1101 1311 1202 1373 corpo·

78 1388 141 1428 rens
159 1369 203 1428 rel
221 1390 302 1430 mors
322 1371 470 1432 hominnm
489 1372 576 1432 dividi
594 1372 685 1452 possit
704 1371 734 1430 in
753 1377 863 1452 partes,
891 1371 943 1430 sed
962 1372 1029 1452 quia
1047 1372 1203 1433 imensus

76 1454 133 1522 est,
160 1456 245 1528 negat
257 1469 300 1519 ,se
325 1449 391 1510 ullis
415 1450 544 1512 locorum
563 1451 661 1531 spatiis
681 1453 830 1512 contineri·
868 1449 1020 1510 Falluntur
1037 1453 1075 1511 ita
1097 1453 1202 1530 nequi

74 1528 177 1586 ex'snu
195 1535 297 1588 natura
306 1527 403 1589 Deum
422 1531 469 1590 rel
487 1531 547 1590 eius
567 1531 676 1590 cultum
695 1531 854 1590 aestimant.
876 1528 954 1609 Quia
967 1538 1064 1590 autem
1074 1471 1201 1610 hroplte·

74 1612 120 1666 tae
138 1609 283 1686 negotium
301 1615 346 1668 est
365 1629 430 1668 cum
450 1608 616 1690 hypocritis,
635 1629 694 1668 non
714 1609 751 1669 de
769 1611 890 1670 essentia
906 1608 961 1669 Dei
981 1616 1093 1670 tantum
1108 1611 1203 1690 dispu-

74 1691 130 1760 tat,
148 1687 196 1747 sed
215 1689 384 1768 generaliter
403 1687 499 1762 docet,
519 1687 680 1748 homiuibus
699 1688 784 1750 valde
804 1709 865 1750 esse
885 1690 1064 1764 dissimilem,
1084 1707 1137 1748 nee
1156 1707 1204 1747 eo·

73 1785 138 1825 rum
156 1785 235 1827 more
254 1786 330 1828 rano
349 1766 433 1828 huius
452 1768 551 1829 mnndi
570 1767 721 1848 splendore
740 1767 823 1828 allici.
867 1767 923 1828 Hic
942 1789 1056 1828 mesum
1076 1769 1205 1828 exoritur

71 1844 122 1904 illa
141 1847 278 1926 quaestio,
297 1866 350 1908 cnr
361 1845 505 1930 Propheta
524 1846 636 1907 nullum
654 1849 685 1907 in
704 1848 813 1908 mundo
833 1848 936 1928 qnietis
955 1848 1051 1908 locoru
1060 1845 1127 1907 Deo
1142 1865 1205 1906 esse

70 1927 245 2005 pronuntiet,
265 1947 356 2006 quum
376 1934 471 1988 tamen
491 1928 635 1988 diversum
654 1925 720 1986 alibi
735 1927 829 2007 palam
845 1925 967 1988 affirmet
976 1925 1109 2007 Spiritus,
1128 1925 1204 1984 Paal.

71 2005 143 2078 132,
162 2005 222 2066 lh:
242 2003 323 2068 Haec
342 1996 537 2088 requies'mea
557 2007 586 2066 in
605 2005 754 2066 saeculum
773 2005 886 2066 soeculi
914 2003 992 2083 Quin
1005 2004 1205 2065 etiamlesoias

70 2081 132 2142 hoc
149 2083 242 2166 elogio
261 2083 418 2146 Ecclesiam
438 2093 537 2162 ornat,
556 2085 635 2166 quod
654 2087 691 2146 sit
710 2086 833 2165 gloriosa
852 2084 909 2145 Dei
929 2085 1053 2164 requos,
1077 2084 1114 2144 ad
1133 2089 1205 2142 tem·

69 2163 154 2258 plum
172 2165 279 2226 scilieet
297 2165 434 2227 alludens
474 2164 645 2246 Respondeo
706 2185 777 2224 unm
795 2167 970 2246 praesentiae
989 2183 1056 2224 suae
1074 2161 1205 2242 symbola

67 2243 279 2384 tilithi
296 2245 440 2384 titii
452 2243 1093 2405 limittitelithildis
1104 2249 1205 2382 altit

1011 2365 1020 2396 ἱ

68 2401 104 2460 ἰιι
124 2401 252 2481 symbola
271 2403 413 2464 mentibus
432 2409 595 2464 terrestrem
614 2403 667 2464 sibi
686 2403 814 2464 lubricati
833 2411 900 2464 sunt
918 2401 1022 2463 Deum.
1066 2401 1205 2462 Perverse

69 2481 162 2539 etiam
185 2482 235 2560 qui
253 2479 308 2542 hoc
326 2489 480 2564 praetextu
498 2483 635 2564 peccandi
653 2483 796 2543 licentiam
820 2482 874 2544 sibi
899 2487 1095 2564 sumpserunt,
1123 2479 1206 2560 quasi

70 2559 107 2618 in
127 2557 209 2620 undis
227 2563 392 2622 memoriis
412 2571 579 2644 promptum
598 2580 632 2622 ao
651 2563 762 2622 facilem
775 2561 914 2623 haberent
927 2561 989 2622 eius
1003 2557 1134 2643 placandi
1144 2579 1205 2620 rno-

71 2637 155 2714 dum.
193 2635 235 2699 lta
254 2640 329 2702 solet
347 2641 472 2702 mundus
492 2662 559 2702 cum
579 2640 642 2701 Deo
662 2642 769 2709 ludere.
804 2639 905 2720 Quum
924 2642 1049 2702 extemis
1068 2637 1205 2718 symbolis

69 2715 156 2778 Deus
175 2736 206 2778 ee
222 2728 403 2800 praesentem
422 2723 481 2782 snio
499 2721 562 2782 iore
580 2728 710 2797 testatur,
735 2728 768 2782 nt
795 2722 943 2783 inmedio
968 2740 1068 2782 eornm
1087 2718 1205 2791 habitet,

70 2815 189 2857 sursnm
206 2815 257 2859 eos
274 2801 390 2867 inritat,
408 2808 443 2861 nt
462 2799 601 2882 spirituali
621 2801 708 2862 modo
728 2801 764 2861 ab
782 2801 850 2882 ipsis
870 2806 1032 2884 quaeratur.
1061 2797 1205 2880 Hypocri·

68 2883 118 2938 tae
136 2875 246 2938 mundo
265 2878 403 2961 impliciti,
412 2877 509 2940 Deum
519 2881 615 2961 potius
634 2900 651 2942 o
671 2881 753 2942 coelo
773 2879 923 2942 detrahere
944 2880 1055 2954 volunt,
1074 2886 1103 2940 et
1116 2895 1206 2959 ῳιιιιιι
1282 2905 1284 2918 =

66 2956 143 3018 nihil
160 2955 286 3018 habeant
304 2965 416 3040 praetor
434 2960 524 3020 nudas
542 2959 658 3040 figuras,
678 2958 781 3020 stolida
796 2956 967 3021 confidentia
985 2959 1085 3034 inflati,
1106 2975 1206 3018 securo

68 3035 124 3096 sibi
143 3037 176 3096 in
192 3039 319 3118 peccatis
337 3039 494 3120 indulgent.
543 3037 594 3099 Sic
618 3038 703 3099 hodie
727 3040 756 3098 in
775 3037 888 3118 Paputn
907 3039 1054 3098 Christum
1072 3039 1206 3117 imagina-

67 3116 151 3175 tione
166 3135 234 3184 ,sua
263 3117 414 3178 includunt
443 3119 473 3178 in
502 3137 578 3198 pauc
606 3124 634 3178 et
658 3118 736 3176 rino.
779 3115 891 3178 Deinde
911 3117 1020 3176 ludicro
1040 3116 1120 3175 cultu
1139 3131 1206 3194 erga

67 3213 159 3253 snum
179 3194 288 3257 idolum
307 3197 444 3268 defuncti,
464 3197 585 3277 superbe
605 3215 636 3255 se
654 3197 785 3269 efferunt,
805 3197 888 3277 quasi
905 3195 976 3255 nihil
996 3195 1031 3254 ad
1052 3193 1208 3273 angelicam

66 3273 255 3335 sanditatem
275 3275 393 3338 deesset.
433 3275 514 3336 llaec
533 3275 590 3336 duo
609 3275 678 3336 vitia
696 3274 797 3334 sedulo
816 3274 941 3335 notanda
960 3279 1036 3334 eunt.
1056 3272 1135 3352 quod
1155 3271 1206 3330 ho·
1252 3303 1253 3308 κ
1366 3247 1367 3322 i

64 3353 166 3414 mines
185 3357 380 3435 superstitiose
399 3356 577 3416 mundanum
595 3373 630 3414 ao
649 3352 791 3416 ramalem
810 3353 863 3414 sibi
877 3353 974 3413 Deum
992 3351 1139 3425 lubricant,
1158 3349 1208 3429 qui

63 3431 106 3494 ad
127 3433 210 3512 ipsos
228 3435 268 3493 ita
289 3433 449 3496 descendat
470 3441 503 3493 ut
521 3439 656 3493 maneant.
674 3435 800 3500 interra
821 3431 916 3506 defixi,
936 3451 1030 3512 neque
1048 3431 1084 3490 ad
1095 3429 1208 3490 coelom

66 3512 214 3594 aspirent.
252 3511 366 3574 Deinde
389 3513 500 3610 fprolis
523 3512 671 3610 pbseqpiiq
692 3511 919 3607 planari-Deum
944 3511 1094 3572 somniant
1124 3506 1209 3606 ‘Hine

60 3591 551 3751 anun
569 3589 1209 3751 sessionariuursse

62 3767 135 3809 mus
157 3769 219 3833 quo
239 3769 324 3811 sensu
344 3751 419 3812 dicat
438 3746 591 3833 Propheta,
610 3769 752 3832 nusquam
770 3771 833 3813 esse
851 3749 918 3813 Deo
936 3751 966 3810 in
985 3747 1093 3810 mundo
1113 3747 1208 3808 locum

62 3827 188 3908 qnietis.
237 3827 391 3911 Templum
415 3831 531 3912 quidem
555 3831 730 3912 praesentiae
756 3849 825 3892 anae
843 3831 955 3910 signum
974 3847 1009 3888 ac
1027 3829 1129 3910 pignus
1149 3843 1209 3886 esse

61 3905 223 4002 vulnerat,
251 3909 302 3969 sed
326 3909 381 3991 piis
448 3909 562 3970 ioorde
581 3911 612 3970 in
631 3909 744 3970 coelum
764 3910 960 3982 ascenderent,
989 3911 1040 4004 qui
1062 3925 1136 4003 ppra
1155 3905 1210 4000 sude
1301 3927 1307 3940 ·

60 4007 78 4046 s
103 3986 260 4082 untuahter
279 3989 360 4050 illum
380 4007 415 4049 eo
426 3996 515 4086 amnt.
545 3987 603 4084 Sed
622 3989 699 4084 apud
719 3991 938 4071 superstitiosos,
957 4007 1007 4068 qm
1021 3986 1140 4083 stupidus
1153 4005 1210 4044 sors

87 4073 235 4207 ffin,
251 4087 318 4208 ⁰¹¹¹?
341 4068 441 4207 ‘iuli
457 4068 1012 4210 imoiriifhiffliiiidh‘iiii
1036 4065 1211 4207 itit?

59 4152 159 4306 iphrasi
185 4165 295 4308 effi
312 4169 388 4306 'ergh'
404 4165 745 4303 Demhpdelunetiqh'ht,
772 4233 926 4310 postquam
955 4228 985 4288 in
1014 4166 1212 4308 suisgineptiii

58 4305 223 4382 luserunt,
252 4325 311 4378 non
330 4303 418 4366 habet
436 4307 540 4388 qnietis
558 4308 683 4368 locum„
712 4305 746 4368 ln
765 4327 894 4383 summa,
921 4307 1071 4389 promissio
1090 4305 1148 4366 lide
1166 4323 1212 4364 ae·
1316 4329 1319 4334 ·

58 4391 160 4478 “1¹¹⁸
179 4383 260 4476 ,fidit
284 4391 319 4448 ut
337 4381 419 4468 Diu*
438 4392 574 4469 imbuam
594 4379 727 4471 praesens
746 4405 800 4450 nos
818 4387 850 4454 in
868 4387 976 4472 templo
986 4385 1138 4470 aeatttusdiut,
1157 4385 1222 4444 vio.
