2700 4844
174 193 201 248 ⁸·
321 267 329 276 .
421 208 707 289 ‘carunxxru
767 267 803 285 ..
1024 231 1152 296 nst·

48 351 92 424 te,
114 349 148 407 nt
171 337 323 430 pudenter
349 337 537 426 facundius.
586 332 618 408 4.
639 337 747 428 ltaque
767 336 864 406 vitam
885 338 1012 430 qudem
1031 361 1146 427 meam,

48 470 132 537 qrram
157 445 203 536 egi
230 445 270 510 ab
298 443 517 528 adolescentia,
545 467 626 535 quae
652 443 690 510 sb
705 441 803 510 initio
829 443 887 511 luit
906 444 940 511 in
960 455 1053 536 gente
1074 471 1145 516 mea

45 550 273 645 Hierosolymis,
304 559 460 622 noverunt
491 572 601 618 omnes
632 547 750 633 Iudaei,
798 551 829 617 5.
851 549 914 635 Qui
939 551 1025 642 prius
1052 576 1146 622 nove-

45 668 106 723 rant
129 680 178 724 ms
203 657 244 722 ab
269 656 374 740 initio,
406 654 433 723 si
453 655 551 722 velint
570 655 784 723 testimonium
805 655 900 740 ieme,
932 658 1017 746 quod
1039 681 1146 726 secun-

43 765 112 828 dom
142 761 413 853 exquisitissimam
446 769 559 830 sectam
582 772 707 830 nostrae
733 761 888 852 religionis
914 762 1047 830 vixerim
1068 763 1146 833 Pha
1195 835 1198 850 ,

42 869 157 934 risaeus.
199 867 230 935 6.
252 865 295 934 Et
314 889 398 934 nunc
419 866 460 934 ob
482 889 571 958 spem
592 867 851 958 repromissionis,
873 891 960 960 quae.
975 871 1014 936 ad
1035 870 1144 947 Patres
1219 939 1223 946 ,

42 984 160 1040 nostros
183 972 262 1042 lacta
290 982 338 1040 est
359 997 376 1038 a
398 971 483 1056 Deo,
510 983 560 1040 sto
586 972 699 1041 iudicio
721 975 889 1042 subiectus.
924 974 955 1042 7.
975 975 1025 1042 Ad
1047 1000 1145 1067 mam

40 1079 196 1146 duodecim
216 1079 314 1146 tribus
335 1088 470 1162 nostrae,
490 1078 639 1146 instanter
655 1090 749 1148 nocte
765 1090 796 1146 et
811 1079 861 1146 dic
872 1079 1010 1148 colentes
1025 1079 1182 1187 Deum..
1221 1137 1223 1142 .
1299 1155 1303 1178 Ι

38 1196 157 1275 sperant
165 1209 201 1253 se
211 1195 427 1276 perventurasa
438 1183 477 1252 dc
488 1208 548 1275 qua
554 1207 609 1276 spe
619 1209 757 1269 accusor,
767 1183 836 1254 Rex
841 1185 1146 1278 Agrippa‚aludacis,

38 1292 68 1360 8.
84 1290 145 1359 (lor
156 1291 331 1360 incredibile
348 1291 503 1360 iudicatur
517 1291 601 1382 apud
618 1313 688 1376 vos,
704 1289 829 1360 siDeus
840 1301 984 1360 mortuos
993 1294 1144 1364 suscitat?

111 1465 138 1522 2.
156 1459 289 1522 Diximus
312 1479 370 1540 quo
394 1461 512 1520 consilio
534 1459 687 1542 productus
705 1462 790 1523 fuerit
807 1461 913 1524 Penius
932 1463 961 1522 ia
981 1483 1145 1528 consessum

33 1541 125 1614 illurn,
153 1547 187 1600 nt
210 1542 317 1600 scilicet
339 1559 376 1598 ex
395 1539 538 1618 Agrippae
562 1547 590 1598 et
614 1538 733 1600 aliorum
756 1545 867 1604 monitu
891 1541 1024 1604 scriberet
1042 1543 1145 1606 Festus

32 1620 70 1678 ad
88 1617 241 1678 Caesarem
283 1619 353 1678 tdeo
378 1637 435 1678 aon
460 1619 578 1697 simplici
602 1637 655 1677 nec
672 1621 774 1680 usitata
794 1621 959 1682 delusionis
978 1623 1069 1684 iorma
1087 1626 1144 1686 nti·

31 1707 94 1770 tor,
116 1696 164 1756 ssd
187 1697 222 1755 ad
247 1697 402 1756 doccodom
427 1698 517 1776 magis
534 1715 692 1756 sermonem
711 1705 885 1779 attemperat.
923 1699 1010 1762 Ponit
1028 1704 1144 1782 quidem

30 1776 121 1835 leucas
139 1777 291 1836 excusandi
310 1773 515 1851 verbum,‘sed
534 1777 612 1857 quod
630 1797 689 1836 uon
707 1777 781 1836 male
875 1785 931 1856 rat,
950 1780 998 1840 ubi
1016 1783 1144 1843 redditur

31 1855 173 1916 doddnae
195 1855 283 1914 ratio.
332 1853 422 1916 Porro
451 1857 518 1936 quis
547 1861 682 1936 expertos
710 1863 771 1915 erat
824 1859 918 1932 aulus,
947 1859 1081 1940 quicquid
1105 1879 1153 1920 exs

29 1935 106 2014 Lege
123 1941 152 1994 et
170 1931 320 2015 Prophetis
339 1941 483 2016 sumptum
502 1935 577 1995 foret
594 1953 692 1996 secare
709 1953 728 1994 a
746 1934 830 1995 Festo
849 1937 962 2018 despici,
981 1957 1012 1998 se
1031 1938 1068 1997 ad
1086 1937 1143 1998 Re-

31 2033 94 2093 gem
119 2016 272 2086 convertit,
296 2033 380 2096 mem
404 2015 492 2096 magis
511 2020 650 2074 attentam
667 2015 729 2073 iore
749 2014 891 2094 sperabat,
915 2022 948 2075 ut
966 2017 1016 2096 qui
1034 2018 1144 2078 ebenus

27 2113 85 2154 non
106 2102 167 2154 erat
185 2113 203 2155 a
220 2096 355 2175 religione
373 2093 491 2154 iudaice.
530 2091 568 2153 Et
592 2095 657 2174 qnia
680 2093 814 2154 hactenns
838 2095 913 2176 apud
937 2095 1038 2156 sardos
1056 2096 1144 2159 rerba

28 2171 207 2254 pmloderat,
226 2193 302 2234 nuno
320 2193 352 2234 se
370 2173 472 2235 habere
491 2172 646 2255 gratulatum
663 2173 713 2254 qui
731 2179 847 2254 propter
863 2177 992 2254 peritiam
1011 2181 1041 2236 et
1058 2195 1145 2237 usam

30 2261 106 2314 recte
125 2255 237 2316 iudicet.
276 2253 428 2314 Caeterum
445 2257 481 2312 'ut
499 2253 567 2334 Agri
588 2271 642 2332 pao
660 2255 804 2312 scientiam
822 2251 933 2328 hadat,
956 2254 1033 2334 qnod
1052 2255 1143 2335 legiti-

26 2351 91 2392 mus
110 2335 147 2392 sit
165 2353 263 2394 earum
282 2353 376 2393 rerum
395 2334 538 2412 cognitor,
557 2273 593 2390 dd
612 2331 714 2410 quibus
733 2333 838 2412 agitur,
863 2333 901 2392 ita
920 2333 1041 2392 vicissim
1060 2341 1143 2415 rogat

27 2419 61 2471 ut
84 2405 223 2493 patienter
245 2413 341 2473 audire
365 2413 446 2474 velit:
475 2413 569 2470 miuus
587 2411 663 2470 enim
681 2411 847 2470 excusabilis
866 2413 970 2492 alioqui
989 2414 1018 2472 in
1037 2432 1073 2473 eo
1092 2407 1142 2475 nc·

25 2493 134 2572 glectns
153 2494 227 2553 toret
246 2511 280 2552 ac
298 2492 449 2552 bstidiom.
478 2489 665 2568 Quaestioncs
684 2497 768 2549 vocat
787 2491 929 2552 doctrinae
948 2494 1048 2572 capita,
1067 2511 1143 2574 qnae

25 2573 140 2630 nectari
164 2572 290 2632 solebant
314 2573 387 2632 inter
409 2570 528 2644 scribes,
551 2569 628 2652 apud
647 2587 720 2650 qnos
737 2569 867 2630 subtilius
886 2571 1079 2632 excutiebatur
1096 2593 1142 2635 rc·

22 2651 100 2728 ligio.
122 2649 366 2712 Consuetudinem
385 2649 472 2711 verbo
490 2651 561 2712 ritus
580 2649 717 2731 intelligit,
737 2651 787 2730 qni
805 2651 892 2712 totius
911 2654 1000 2791 pectis
1014 2671 1141 2714 commu·

22 2747 74 2787 nes
93 2736 165 2789 rant.
204 2729 322 2791 Summe
342 2737 384 2790 est
402 2731 495 2811 igitrrr,
514 2749 609 2812 regem
627 2730 696 2810 Agri
717 2749 783 2810 pam
801 2749 894 2812 neque
932 2734 1070 2810 ustrinae,
1089 2752 1140 2795 nc·

21 2825 81 2887 quc
99 2811 320 2870 ceremoniarmn
338 2808 420 2891 begis
438 2813 567 2892 ignaram
586 2829 656 2871 esse.
685 2749 736 2870 tir

21 2895 55 2946 ut
74 2889 214 2966 patienter
231 2909 278 2950 me
296 2890 401 2964 audies,
420 2891 502 2950 sicuti
520 2893 577 2950 iam
595 2891 683 2970 attigi,
703 2909 761 2969 qno
780 2893 899 2972 quisquc
917 2895 1005 2974 magis
1023 2892 1140 2956 inScrl·

21 2973 121 3046 pturae
139 2970 239 3028 notitia
257 2969 385 3050 proiecit,
404 2987 440 3028 eo
458 2971 546 3049 mapa
565 2975 702 3029 attentam
721 2987 783 3028 csse
801 2969 901 3030 debere
919 2972 1070 3052 significat,
1088 2973 1140 3034 ubi

21 3047 56 3104 de
75 3047 212 3124 religione
231 3049 387 3124 quaeritur:
411 3065 477 3107 nam
502 3047 580 3126 quod
598 3047 789 3128 intelligimus,
812 3047 906 3107 minus
924 3049 1068 3111 molesliee
1086 3071 1139 3110 no·

21 3123 64 3181 bis
90 3125 183 3182 affert.
228 3125 358 3202 Aequum
381 3144 450 3185 vcro
470 3132 528 3196 cst,
557 3125 591 3185 de
614 3125 694 3185 cultu
712 3123 768 3184 Dei
786 3144 839 3184 nos
857 3127 897 3186 ita
915 3145 976 3188 esse
994 3129 1139 3205 sollicitos,

21 3221 55 3263 ne
75 3201 175 3262 audire
193 3219 343 3282 gravemur
362 3221 435 3282 qnae
453 3204 490 3264 ad
508 3205 568 3265 cius
588 3203 777 3266 definitionem
796 3211 937 3284 spectant,
960 3223 994 3266 ac
1013 3217 1136 3287 praeser-

21 3282 71 3338 tim
96 3280 147 3340 obl
171 3282 227 3341 iam
246 3283 389 3362 principiis
402 3281 511 3343 imbuti
536 3299 650 3360 sumus,
680 3291 712 3345 ot
730 3290 895 3366 promptam
912 3283 993 3346 nobis
1011 3287 1048 3346 sit
1065 3287 1136 3350 indi·

21 3361 94 3420 eiuro
120 3361 272 3421 sisoium
291 3361 435 3423 advertere
453 3362 547 3424 libeat.

98 3441 128 3502 4.
155 3444 253 3502 Vitam
318 3443 391 3502 idam
408 3464 510 3502 ancum.
553 3439 686 3504 Nondum
709 3443 864 3522 ingtuditt'lt·
886 3446 916 3506 in
940 3451 1045 3506 sutum
1070 3465 1135 3512 (tatt-

21 3539 77 3578 rae:
105 3520 159 3579 sed
183 3521 249 3601 qaia
284 3521 344 3580 also
368 3521 513 3582 traductus
532 3521 622 3582 luerat
641 3522 793 3603 multisque
812 3523 972 3586 criminibus
992 3534 1134 3606 oneratus,

21 3619 49 3658 rc
76 3619 218 3680 personae
242 3601 307 3660 odio
330 3597 394 3660 Rex
418 3601 543 3683 Agrippa
567 3619 668 3662 causac
686 3603 722 3662 sit
739 3604 879 3679 infensus,
902 3625 983 3666 suam
1002 3609 1135 3670 innocen·

21 3680 84 3737 iam
111 3681 194 3760 prius
213 3681 321 3746 asserit.
359 3677 471 3742 Scimus
489 3683 578 3754 enim,
601 3679 650 3740 ubi
669 3682 756 3742 semel
774 3685 882 3744 animos
901 3689 1050 3764 occupavit
1069 3689 1134 3748 siniss

21 3765 72 3817 tra
92 3759 235 3838 suspicio,
252 3769 352 3821 sensus
371 3779 469 3823 omnes
487 3764 568 3842 quasi
584 3761 747 3842 praeclusos
765 3765 869 3838 macri,
892 3783 929 3823 ne
948 3766 1015 3844 quid
1035 3765 1134 3826 admit·

21 3844 85 3896 ,ont
112 3835 192 3918 Ergo
210 3837 331 3901 nebulas
345 3859 449 3920 pravae
468 3841 615 3920 opinionis,
644 3859 718 3921 quae
735 3863 773 3900 cx
795 3842 872 3903 falsis
894 3845 1052 3903 rumoribus
1074 3845 1132 3904 col·

21 3923 104 3974 cetae
125 3917 314 3998 densatasque
331 3919 450 3993 fueraut,
468 3919 548 3982 initio
567 3919 673 3982 Paulus
692 3919 832 4002 abstergit,
851 3929 884 3981 ut
903 3923 955 3982 sibi
965 3923 1132 3984 audientiam

21 3995 90 4073 rpud
122 4013 210 4076 paras
240 4004 268 4055 et
296 3997 367 4057 beno
388 4006 523 4136 purgatas
552 4019 633 4061 aures
662 4001 799 4061 conciliet
842 4001 916 4061 Hinc
939 4005 1132 4084 perspicimus,

21 4093 117 4133 :ausae
144 4077 309 4134 necessitate
327 4075 448 4138 Panum
470 4078 557 4140 faisse
585 4079 776 4160 compulsum,
804 4087 837 4142 ut
864 4087 1018 4143 anteactam
1044 4084 1131 4144 vitam

21 4154 154 4214 nudaret.
194 4153 344 4214 Caeterum
373 4177 431 4216 non
459 4158 508 4218 din
536 4161 566 4218 ln
589 4179 622 4220 ea
646 4163 727 4240 parte
744 4167 884 4236 moratur,
913 4159 962 4221 sed
982 4161 1135 4244 statimyad·
1220 4211 1225 4220 .

21 4233 250 4294 esurrectionem
274 4241 449 4297 mortuorum
474 4237 525 4300 sibi
544 4241 692 4302 transitum
714 4237 793 4314 lecit,
813 4241 881 4301 dum
900 4259 931 4302 se
950 4239 1130 4304 Pharisaeum

21 4313 97 4372 nisse
129 4319 341 4375 commemorat.
390 4319 615 4382 Ecoetisstmom
641 4339 710 4382 vero
738 4329 842 4382 sectam
871 4321 924 4383 dici
952 4323 1129 4404 interpretor,
1208 4337 1210 4352 ¹

21 4409 65 4448 oo
97 4393 249 4456 sanctioris
273 4395 349 4459 etue
367 4405 510 4480 respecto,
539 4399 589 4462 sed
613 4400 689 4483 quod
712 4401 742 4464 in
764 4419 798 4464 ea
820 4401 953 4465 resideret
976 4403 1064 4484 mag'u
1082 4419 1128 4484 εθ-

737 2811 776 2870 tio
794 2811 858 2886 ista,
877 2820 1050 2894 quapropter
1067 2833 1140 2896 rogo
1265 2825 1268 2830 ’
