2754 4864
528 221 657 284 CAPUT
675 223 750 285 VIII.
1137 232 1195 295 157

72 335 131 404 Dei
158 333 343 404 existimasti
374 333 514 424 pecuniis
536 335 664 425 anquiri.
707 335 762 402 21.
784 332 860 402 Non
881 337 1005 405 esttibi
1027 361 1113 431 pars,
1139 365 1198 410 ne-

70 466 133 534 que
162 435 337 509 baereditas
365 439 397 505 in
424 439 544 507 ratione
570 439 637 508 hae
681 439 746 508 Cor
767 441 851 510 enim
873 443 964 511 tuum
986 467 1051 512 non
1072 455 1193 513 rectum*

69 559 118 616 est
139 570 245 617 eoram
267 543 351 614 Deo.
379 545 432 614 22.
454 545 614 638 Resipisce
635 545 728 638 igitur
748 571 766 614 a
788 545 902 618 malitia
924 549 993 634 bae,
1015 553 1055 628 et¹
1067 576 1193 642 precare

68 654 189 731 Deum,
217 652 244 720 si
272 653 354 718 torte
375 651 549 719 remittatur
569 651 625 719 tibi
644 653 791 746 cogitatio
810 653 914 721 eorrlis
930 657 991 723 tui.
1035 658 1088 724 23.
1111 657 1194 728 Nam

66 761 98 826 in
126 757 198 826 selle
228 755 441 824 amaritudinis
468 767 500 826 et
527 757 723 852 colligatione
749 759 916 836 iniustitiae
942 747 1036 830 video
1057 773 1089 830 te
1112 781 1192 833 esse.

64 860 119 934 24.
163 863 371 955 Respondeas
404 886 480 930 vero
503 857 616 932 Simon
650 863 740 932 dixit:
774 863 946 936 Precamini
973 891 1032 936 vos
1058 893 1117 989 pro
1140 894 1193 938 me
1289 903 1297 912 ·

64 972 152 1062 apud
174 971 288 1054 Deum
310 992 352 1036 ne
374 967 451 1058 quid
470 993 592 1051 eorum,
614 993 695 1059 qnae
717 970 847 1053 dixistis,
870 971 946 1038 mihi
968 975 1100 1054 eyeniat
1137 977 1192 1044 25.

65 1077 114 1142 llli
149 1099 223 1166 ergo
255 1074 405 1143 testificati
439 1085 470 1141 et
502 1073 624 1166 loquuti
658 1097 838 1144 sermonem
857 1076 1002 1146 Domini
1034 1081 1200 1150 redieruut

64 1177 335 1270 Hierosolymam,
363 1189 394 1248 et
421 1205 477 1272 per
504 1179 622 1248 multos
649 1203 748 1273 pagos
770 1181 1037 1254 Samaritanorum
1059 1183 1193 1280 euange-

63 1289 230 1354 lizarunt·

145 1469 209 1536 18„
234 1467 368 1526 Intuitur
391 1478 487 1528 nutem
514 1473 624 1530 Simon
670 1467 730 1529 Iam
756 1470 895 1550 detegitur
914 1423 1038 1530 Slmonis
1058 1470 1195 1553 bypoeri

59 1549 114 1617 sis,
139 1565 199 1605 non
226 1545 303 1625 quod
327 1549 406 1625 priua
426 1549 590 1607 recredere
611 1547 752 1608 tinxisset:
778 1553 924 1618 convietus
944 1552 1020 1610 enim
1039 1555 1112 1612 aerio
1132 1571 1195 1612 ma-·

57 1647 115 1686 nnn
137 1625 253 1686 Christo
273 1623 400 1700 dederat,
425 1627 546 1706 qualiter
564 1627 647 1686 multi
666 1625 822 1723 Evangelio
839 1631 944 1690 cedunt
963 1649 999 1690 ne
1019 1629 1124 1691 llellum
1145 1653 1193 1712 ge·
1225 1625 1229 1634 ’

57 1713 127 1766 rant
151 1725 218 1764 eum
238 1703 317 1776 Deo,
342 1705 391 1764 sed
414 1713 528 1771 manent
547 1707 652 1766 interea
674 1709 717 1766 sui
737 1709 856 1767 similest
881 1729 970 1788 quum
988 1727 1086 1769 veram
1105 1709 1192 1772 iidem
1261 1737 1266 1742 ·

56 1785 146 1866 sequi
171 1783 269 1844 debeat
288 1786 379 1844 nostri
397 1785 553 1866 abnegatio.
597 1785 661 1845 Hoe
680 1802 750 1845 vero
769 1794 813 1846 eat
832 1787 979 1849 Christum
999 1807 1064 1848 eum
1085 1788 1194 1850 &tana

53 1869 196 1938 miseere,
225 1879 314 1943 quum
345 1863 471 1924 doetrlna
502 1882 593 1945 usque
623 1861 660 1924 ad
689 1865 850 1927 reconditos
874 1868 967 1927 cordis
991 1867 1108 1928 affectus
1131 1885 1195 1928 non*

50 1951 207 2026 pernotant,
237 1943 287 2002 sed
311 1945 427 2004 interior
450 1944 642 2005 immundities
665 1947 746 2024 quasi
771 1947 880 2025 sepulta
904 1947 961 2005 illio
984 1947 1061 2006 latet.
1106 1945 1192 2007 Nune

50 2045 129 2105 ergo
150 2025 248 2082 lucum
266 2023 348 2081 illum
372 2023 506 2104 abstergit
523 2023 804 2118 Drusin‘Simoue,
823 2043 861 2084 ne
880 2027 1002 2122 amplius
1012 2023 1116 2084 Christi
1135 2047 1190 2086 no·

48 2125 138 2244 tlt
153 2102 326 2242 iiiiii
339 2109 397 2242 ‘25⁰
405 2103 1192 2264 putidi,tttntmtttttpittt

48 2267 119 2324 iam
145 2282 235 2322 unum
259 2263 360 2320 vitium
384 2270 442 2320 ast:
472 2264 699 2336 altemm'vero,
729 2263 807 2342 quod
833 2265 953 2342 gratiam
979 2262 1034 2322 Dei
1058 2263 1190 2325 venalem

45 2341 226 2404 existimaus
253 2341 313 2400 vult
333 2359 397 2400 eam
421 2341 629 2420 adquaestum
650 2343 828 2422 prostituere.
870 2341 952 2402 Unde
971 2350 1101 2426 apparet,
1124 2365 1191 2426 pro·

45 2426 162 2484 tanum
181 2441 243 2480 esse
267 2422 424 2493 bominem,
451 2421 501 2500 qui
526 2419 652 2480 nondum
671 2440 756 2482 verae
776 2423 898 2501 pietatita
918 2423 1075 2481 rudimenta
1096 2431 1189 2502 gnsta-

46 2505 110 2562 rit:
144 2497 225 2558 nullo
249 2502 320 2560 enim
347 2501 454 2581 gloriae
477 2499 533 2558 Dei
557 2501 651 2559 studio
677 2501 813 2580 tangitur,
840 2502 900 2560 imo
918 2519 978 2560 non
998 2503 1102 2582 eogittlt
1120 2502 1190 2584 qnid

45 2584 95 2642 sit
123 2597 188 2637 ease
209 2577 261 2638 Dei
280 2582 447 2638 ministrnm.
487 2577 734 2657 Quemadmodum
756 2587 906 2656 quaestum
925 2581 1061 2641 haetenus
1080 2599 1118 2639 ex
1138 2599 1190 2640 sna

39 2817 169 2882 mundo
189 2817 355 2897 raptaverit:
375 2819 457 2876 simul
478 2837 593 2894 gravem
613 2781 678 2878 Dori
696 2818 763 2878 iaeit
782 2820 921 2890 iniuriam,
941 2762 1018 2900 qguod
1039 2819 1189 2878 coelestem
1257 2879 1261 2886 ,

37 2903 133 2960 bane
158 2899 294 2956 ¹virtutem
317 2897 387 2956 nibil
412 2901 522 2978 putavit
547 2917 564 2957 a
589 2899 703 2978 magieis
728 2900 786 2957 suis
810 2899 1046 2962 incantationibus
1069 2899 1190 2959 differre.

36 2981 143 3042 Nune
169 2977 293 3035 breviter
315 2983 457 3050 tenemus,
482 2978 603 3055 quidet
627 2985 699 3057 quot
717 2977 810 3042 modia
914 2980 987 3038 verit
1005 2977 1117 3037 Simon:
1157 2978 1190 3038 ln

35 3060 141 3120 donis
168 3055 293 3136 Spiritus
322 3076 378 3115 non
409 3057 509 3114 adorat
534 3073 625 3135 neque
650 3059 777 3136 agaroseit
801 3056 826 3114 C
846 3059 907 3116 risti
925 3055 1103 3136 potentiam,
1131 3075 1191 3116 non

32 3138 190 3222 agnoseit
209 3135 326 3194 coelesti
346 3139 450 3194 virtute
469 3138 621 3194 instructos
641 3135 805 3215 Apostolos,
827 3141 858 3194 ut
873 3135 980 3195 Christi
1000 3137 1117 3216 gloriam
1137 3155 1191 3195 suo

33 3215 217 3280 ministerio
237 3215 389 3274 illustrentr
415 3235 466 3274 aaa
486 3233 552 3273 eum
571 3213 688 3273 ambitio
707 3215 744 3272 im
767 3213 825 3274 ellit
845 3231 878 3273 ae
897 3216 981 3294 rapit,
1000 3221 1034 3274 nt
1053 3212 1118 3273 Deo
1138 3233 1190 3293 po·

31 3296 193 3360 sthnbito'
212 3297 334 3354 eminere
353 3297 448 3374 cupiat
467 3301 496 3352 et
515 3293 653 3353 mundum
673 3291 726 3351 sibi
745 3235 837 3352 laem
856 3292 1025 3353 obnoxium:
1051 3291 1191 3373 Spiritum

28 3383 193 3442 sanetum
205 3369 329 3434 'mmeari
350 3376 412 3432 vult
431 3374 512 3454 quasi
532 3373 623 3454 prelio
642 3369 809 3431 subiaceret.
1189 3407 1193 3416 ι

138 3459 190 3516 20.
230 3457 394 3534 Respondtt
413 3455 531 3513 Petrus.
570 3451 624 3510 llio
649 3453 750 3512 aeriter·
773 3467 839 3510 enm
863 3451 974 3530 repellit
994 3449 1110 3524 Petrus,
1138 3467 1193 3512 nee

22 3541 213 3600 contentus
242 3534 436 3613 obiurgatione
464 3533 554 3591 duam
583 3533 814 3612 imprecationem
848 3531 938 3604 addit,
970 3537 1002 3590 ut
1025 3536 1124 3610 pereat
1147 3527 1192 3589 Si·

23 3635 125 3680 mon
158 3631 227 3672 eum
256 3631 306 3671 aua
336 3614 468 3692 pecunia:
499 3631 573 3692 quan
615 3631 661 3670 am
690 3631 748 3670 non
776 3617 836 3670 tarn
868 3611 908 3670 illi
937 3611 1111 3690 Impreeatm·
1133 3609 1193 3669 exi·

23 3703 145 3766 tium,
179 3710 265 3772 qnam
290 3693 391 3751 iustam
415 3691 568 3752 vindictam
617 3691 962 3756 elinantienditerroris
981 3706 1065 3748 eausa
1085 3689 1192 3748 denun-

21 3781 105 3839 tiat
146 3791 239 3853 prope
273 3773 444 3851 impendere.
494 3769 527 3830 ln
557 3789 668 3831 summa
696 3771 819 3830 ostendit
847 3771 916 3850 qnid
944 3769 1115 3850 promeritus
1145 3769 1192 3843 ait,

18 3873 150 3941 quum
178 3851 278 3948 foedae
300 3851 496 3910 nundinationi
521 3850 640 3911 subierit
656 3849 714 3948 liei
733 3850 885 3942 Spirilurpr
914 3851 971 3910 ami
995 3847 1125 3921 dixisset,
1150 3845 1191 3906 di·

12 3949 389 4092 stabulat?
408 3929 842 4092 substituisti?
855 3927 1191 4089 tribuistis&

12 4103 151 4162 [litum
179 4097 297 4172 superet
318 4089 436 4163 Petrus,
460 4107 498 4150 ex
522 4089 705 4170 sequentibus
724 4089 806 4149 taeile
829 4087 946 4169 intelligi
972 4089 1087 4168 poterit.
1131 4087 1194 4148 snt·

12 4173 141 4262 quasi
167 4171 267 4231 indicis
292 4187 442 4251 personam
466 4171 621 4244 anabusns,
651 4189 737 4249 qnam
763 4187 886 4250 poenam
905 4175 1047 4228 mereatur
1065 4165 1192 4228 Simonis

12 4248 801 4400 ⁵emussitataalmund
820 4249 1027 4410 mut
1044 4249 1201 4408 untia

12 4365 170 4484 L:delinit
188 4411 286 4472 exitio.
327 4407 475 4490 Significat
493 4411 584 4485 enim,
604 4409 683 4490 quod
701 4409 738 4469 ad
757 4415 817 4470 tam
835 4407 974 4471 nefariam
994 4425 1077 4468 osum
1097 4406 1193 4468 oblata
