2700 4844
484 165 615 251 011)ϋῖ
634 182 733 250 XXII.
1108 193 1168 256 4¹23
1260 201 1264 212 ¹

36 323 101 366 oum
120 303 219 380 Paulo,
238 321 330 386 quum
348 301 442 362 lucem
461 289 672 384 compluerent:
691 323 795 384 nempe
815 321 917 365 rorem
931 295 1167 386 aliquumomonss

35 405 97 446 ram
115 385 151 446 ab
170 383 224 444 illis
283 382 517 466 rueptnmt'uiaun‚
537 381 692 444 absurdum
706 390 828 458 nooeet,
849 385 1167 450 uttammnondieeer-

34 471 134 526 nerent
151 464 233 526 aienti
278 463 361 528 aulus
380 463 455 544 ipae,
475 481 563 543 quem
582 463 891 544 eolumobiurgutioue
910 468 961 523 ada
987 483 1169 546 uompesoere

34 551 65 606 et
82 545 196 606 domare
214 543 330 605 volebat
339 541 479 604 Christus.
499 541 629 604 Audiunt
647 542 734 622 igitur
752 563 863 620 vooern,
882 545 950 625 quia
965 545 1168 606 eouituea'uree

33 643 131 684 eorum
150 623 290 698 verberat,
310 629 344 684 ut
363 623 453 682 rolant
472 641 491 680 e
508 622 591 682 ooolo
610 622 734 702 aliquem
754 622 843 704 loqui,
862 643 922 684 uon
937 622 1056 684 audiunt
1066 645 1168 686 vorem

33 702 63 762 lo
103 705 175 764 eutis
193 723 260 764 oram
278 702 381 776 Paulo,
401 702 468 782 quia
487 721 547 762 uon
566 720 583 762 a
671 709 758 764 uubrr
777 703 913 784 quidnam
932 701 1009 762 dieat
1025 701 1167 764 Christus.

33 723 186 864 Filiorum
204 801 321 865 quoque
340 781 438 880 uident
457 782 487 842 in
507 721 741 858 cinnamum,
761 783 811 844 ned
830 783 972 845 neminem
990 783 1099 862 vident,
1118 783 1169 865 qui
1209 852 1218 865 ,

33 881 133 923 vooem
157 863 274 924 eooelo
293 867 411 923 ermttat
458 893 462 908 ι
696 864 704 890 “·
836 920 838 922 ,
941 866 955 902 ⁸

113 947 163 1007 ro.
183 945 265 1018 Quid
277 941 393 1023 sacam
411 943 557 1004 nmmo
574 939 642 1002 Vox
661 948 706 1002 est
725 940 847 1005 bominis
863 938 1061 1004 mansuefacti:
1081 941 1169 1015 atque

34 1019 107 1080 baec
125 1041 193 1119 vera
212 1011 256 1083 eal
275 1021 311 1117 qd
320 1021 478 1118 Dominum
493 1023 651 1098 conversio,
670 1042 761 1118 quum
775 1023 905 1106 deposita
917 1023 996 1082 omni
1008 1017 1113 1080 ferocia
1123 1035 1169 1074 su·
1292 1032 1297 1060 t
1345 1063 1346 1076 ,

34 1098 148 1162 beando
167 1121 257 1198 qmus
274 1121 342 1182 rugo
360 1101 480 1163 ibenter
498 1101 793 1177 conumeraremus,
812 1103 961 1184 paratique
974 1087 1169 1178 mmuaqube·
1279 1164 1282 1172 ¹
1345 1107 1346 1122 ¹

33 1181 79 1238 vis
98 1182 161 1242 eiua
178 1200 253 1242 ruera
273 1199 427 1263 capessere.
457 1181 503 1242 Ad
523 1181 603 1255 baeu,
622 1181 695 1241 bene
714 1181 819 1263 agundi
835 1182 947 1242 initium
966 1185 1025 1252 est,
1048 1178 1168 1236 interro·
1229 1213 1231 1218 -

34 1277 102 1338 gam
121 1281 155 1321 oa
171 1260 301 1322 Domini.
332 1261 449 1322 Frustra
467 1263 544 1323 enim
563 1267 711 1344 satagunt,
753 1263 783 1322 ui
801 1262 863 1324 aine
882 1262 942 1321 uiue
962 1255 1052 1320 uerbo
1070 1255 1168 1336 poeui-

33 1341 150 1401 tentium
169 1341 351 1402 meditantur.
383 1339 474 1402 Porro
494 1339 719 1421 quodCbristus
731 1283 874 1402 boarium
889 1339 981 1400 Panlo
1000 1337 1170 1417 magistrum

33 1419 153 1498 ordinat,
172 1441 232 1482 non
250 1421 320 1482 fauit
340 1419 527 1481 oontumeliae
546 1439 649 1494 cauea,
673 1421 721 1480 rel
741 1421 820 1502 quod
840 1425 952 1480 moueat
971 1437 1038 1489 eum
1058 1415 1171 1483 dooere,

32 1499 83 1558 uod
105 1499 163 1562 buu
185 1500 273 1562 modo
297 1507 447 1560 extumum
467 1497 610 1560 Eoelmiae
634 1501 820 1560 mbristerium
839 1498 1039 1560 commendare
1057 1494 1121 1553 vult
1140 1497 1171 1550 et

32 1599 142 1640 ornare.
161 1580 261 1662 Atque
281 1581 311 1640 iu
330 1580 416 1640 unius
436 1578 550 1658 quidem
570 1576 693 1638 bominis
713 1598 837 1658 pereum
849 1597 1002 1640 commuue
1017 1575 1169 1636 ‹tommen-
1213 1569 1215 1581 '

32 1665 95 1718 tum
113 1661 197 1721 nobie
217 1659 355 1741 praebuit,
375 1677 412 1720 ne
431 1675 588 1740 gravemur
602 1659 698 1738 ipsum
718 1659 816 1718 audire
835 1657 999 1738 loquentem
1019 1654 1170 1715 bominum

31 1737 136 1820 bngoa.
171 1737 282 1800 Eodem
302 1744 412 1820 apaotat
426 1735 504 1818 quod
518 1757 589 1797 mox
608 1755 639 1797 ue
679 1737 751 1809 itur,
770 1737 907 1797 ouulieoa
928 1735 1100 1804 taminiam,
1119 1731 1170 1790 do·

31 1837 84 1878 neo
103 1839 134 1881 so
153 1819 325 1901 discipulum
345 1819 466 1878 oderem
486 1815 555 1878 lidni
567 1835 636 1878 uuae
671 1817 838 1876 umilitatem
853 1757 1011 1897 probarent.
1031 1811 1098 1872 Nou
1108 1829 1169 1868 om-

31 1917 82 1958 uee
102 1901 220 1983 quidem
239 1904 376 1960 oxuoeeat
390 1896 472 1956 Deua
493 1915 566 1978 quoe
585 1897 648 1956 vult
662 1897 838 1970 illuminare,
858 1894 910 1954 sud
922 1891 1023 1974 regula
1035 1887 1171 1950 omnibus

30 1981 170 2058 generalis
190 1978 405 2062 praeteribitur,
430 1972 469 2037 Ut
488 1978 541 2057 qui
558 1976 662 2038 voluerut
681 1977 709 2037 el
728 1993 829 2057 sapere
848 1973 927 2055 apud
944 1991 977 2034 oe
996 1969 1170 2039 etulteeonnt.
1223 2035 1229 2048 ,ἲ

121 2137 176 2206 19.
205 2133 343 2204 Ananias
371 2145 477 2204 autem
505 2133 636 2225 quidum
662 2132 710 2200 vir
736 2131 811 2224 pius
838 2128 1014 2199 seeundum
1040 2126 1172 2217 Legum,

30 2241 215 2312 testimonio
252 2242 405 2336 probatus
446 2239 594 2322 oxnnium
628 2237 691 2306 illie
732 2237 940 2304 habitantium
958 2235 1172 2312 ludaeorum,

32 2351 87 2418 13.
110 2347 252 2416 Veniens
274 2347 398 2430 adme,
422 2357 455 2414 et
476 2355 600 2428 astaus,
622 2344 701 2412 dixit
724 2343 817 2426 mibi,
838 2343 916 2410 Saul
938 2342 1040 2424 irater,
1062 2337 1171 2428 accipe

29 2457 148 2524 visum.
185 2451 230 2520 Et
256 2476 316 2543 ego
347 2452 458 2520 eadum
479 2451 557 2519 bora
580 2459 707 2542 recepto
730 2449 802 2517 visu
823 2449 888 2517 vidi
909 2447 1008 2516 illum.
1054 2437 1106 2512 14.
1129 2439 1173 2508 At

29 2563 83 2630 ille
110 2559 203 2642 dixit,
231 2557 322 2627 Deus
348 2567 475 2651 patrum
496 2567 681 2641 nostrorum
702 2555 902 2648 praeparavit
923 2565 970 2637 te,
997 2563 1034 2620 ut
1055 2571 1173 2642 eogno-

29 2689 137 2737 aoeres
159 2664 357 2733 voluntatem
379 2687 480 2748 suam,
502 2675 535 2734 ot
555 2665 681 2744 violares
703 2663 835 2745 lustum,
858 2673 890 2731 ot
911 2661 1035 2729 audires
1057 2677 1172 2726 voeem

31 2800 75 2844 ex
103 2797 159 2842 ore
188 2772 266 2840 eiua.
318 2771 370 2839 15.
398 2771 479 2858 Quia
506 2773 568 2842 eris
596 2772 686 2842 testis
713 2770 758 2838 illi
780 2769 868 2862 apud
888 2776 1005 2840 omnies·
1023 2763 1171 2832 homiues

30 2904 159 2964 uorum,
186 2901 268 2971 quau
294 2877 399 2948 vidisti
422 2883 460 2950 'et
481 2879 603 2948 audisti
651 2879 703 2946 16.
725 2877 768 2947 Et
789 2902 875 2946 nunc
897 2875 977 2967 quid
996 2869 1173 2942 cunctaris?

30 2988 162 3079 Exurge
189 2997 222 3055 et
246 2985 420 3076 baptizare,
449 2995 481 3053 et
509 2985 601 3052 ablue
628 2995 755 3074 peccota
777 2995 847 3066 tua,
869 2984 1016 3050 invocato
1039 2976 1171 3046 nornine

30 3090 175 3162 Domini.

72 3220 75 3244 Ι
114 3257 162 3317 12.
182 3257 322 3315 Amaras
346 3253 473 3336 quidum.
489 3249 627 3332 struunt
651 3253 708 3314 ium
727 3252 836 3314 Paulus
860 3249 897 3310 ad
975 3254 1051 3308 rtum
1070 3252 1171 3326 eaput:
1200 3263 1206 3280 ·

31 3354 138 3430 nempe
162 3333 242 3414 quod
259 3353 319 3429 non
339 3339 453 3392 tuntum
472 3332 615 3428 mirandis
635 3335 772 3394 attonitm
792 3351 896 3392 nomeu
944 3323 1033 3390 bristo
1054 3326 1172 3420 dederit3

32 3417 83 3478 sed
103 3411 291 3494 mEvangelo
310 3413 438 3473 doctrina
458 3419 512 3472 rrte
531 3419 561 3472 et
580 3413 669 3472 solido
689 3412 938 3472 lueritiostitutus.
959 3409 1019 3469 lum
1032 3406 1172 3468 admonui

31 3517 93 3557 non
113 3494 231 3556 fortuito
255 3511 337 3564 casu,
361 3491 414 3553 eud
436 3491 509 3552 duee
532 3489 649 3552 Christo
664 3493 804 3554 Ananiam
829 3491 918 3551 luisse
929 3487 1022 3550 Paulo
1043 3486 1169 3548 obvium.
1276 3515 1280 3522 ·

32 3577 124 3658 Quod
148 3581 244 3635 autem
268 3574 366 3654 legalis
386 3575 497 3654 pietatis
517 3573 563 3634 ulo
583 3573 640 3632 'mn
661 3573 700 3632 illi
720 3571 832 3645 tribuit,
857 3575 887 3630 et
911 3569 992 3641 dicit,
1016 3565 1171 3649 probatum

31 3659 122 3752 iuissq
146 3656 234 3716 totius
258 3655 351 3734 gentio
370 3655 547 3750 tuatimouiu,
564 3593 615 3712 ilis
635 3653 728 3713 verbis
748 3652 900 3712 antevertit
920 3651 1063 3746 sinistram
1082 3666 1171 3726 quarn

31 3755 145 3877 tiit,
154 3729 1184 3892 uiuuntaratu-utalaamertttutrau1

32 3893 171 3956 tostabilie
189 3892 296 3953 inbuet.
317 3893 394 3973 Ergo
413 3899 548 3968 testatur,
573 3889 670 3951 Deum
689 3891 810 3951 uoluisse
828 3890 988 3950 seeundum
1004 3887 1120 3970 liugero,
1140 3891 1171 3944 et

32 3978 96 4036 uiue
116 3973 250 4054 pietatem
271 3980 368 4052 uotam
387 3973 475 4033 fuisse
494 3979 525 4032 et
543 3972 687 4032 laudatam
706 3967 1047 4040 intermeantium,
1066 3972 1099 4024 ut
1118 3966 1169 4024 mi·

31 4057 110 4116 nimo
135 4057 284 4132 suspectus
308 4071 371 4113 esse
395 4053 504 4113 debeat.
548 4051 691 4112 Patri'eulu
715 4053 874 4125 secundm
896 4055 1009 4130 begam
1033 4046 1169 4106 inseitea

34 4131 203 4214 quibusdem
222 4131 259 4190 ad
279 4139 446 4212 sequentem
466 4138 634 4192 contextum
654 4130 789 4204 trabitur,
809 4129 887 4210 quu‘d
909 4129 993 4192 luerit
1012 4125 1169 4188 secuudum

33 4215 139 4294 Legem
163 4211 315 4296 probatus:
339 4213 435 4294 potius
459 4214 534 4272 enirn
559 4211 614 4272 huo
637 4217 705 4270 notu
730 4229 747 4269 a
772 4211 900 4291 gentium
925 4207 1169 4290 superstitionibus

33 4295 203 4353 discernitur
223 4292 351 4354 Ananiae
371 4291 477 4373 religio.
498 4291 672 4373 Quanquam
691 4290 847 4351 notandum
866 4297 918 4364 eet,
938 4309 997 4350 nou
1017 4288 1078 4348 lieri
1098 4287 1168 4369 logis

31 4374 214 4471 meutiouem-
225 4373 262 4436 ad
281 4373 447 4438 stabilienda
466 4393 586 4456 operum
603 4373 722 4446 merita,
743 4390 818 4454 quae
837 4375 1020 4454 opponantur
1033 4367 1090 4431 Dei
1105 4387 1168 4449 gra·
