<?xml version="1.0" encoding="UTF-8"?>
<!DOCTYPE html PUBLIC "-//W3C//DTD XHTML 1.0 Transitional//EN"
    "http://www.w3.org/TR/xhtml1/DTD/xhtml1-transitional.dtd">
<html xmlns="http://www.w3.org/1999/xhtml" xml:lang="en" lang="en">
 <head>
  <title>
</title>
<meta http-equiv="Content-Type" content="text/html;charset=utf-8" />
  <meta name='ocr-system' content='tesseract 3.04.00' />
  <meta name='ocr-capabilities' content='ocr_page ocr_carea ocr_par ocr_line ocrx_word'/>
</head>
<body>
  <div class='ocr_page' id='page_1' title='image "./innovumtestamen00tholgoog_0039.png"; bbox 0 0 2810 4850; ppageno 0'>
   <div class='ocr_carea' id='block_1_1' title="bbox 86 227 911 338">
    <p class='ocr_par' dir='ltr' id='par_1_1' title="bbox 86 227 911 338">
     <span class='ocr_line' id='line_1_1' title="bbox 86 227 911 338; baseline -0.019 0"><span class='ocrx_word' id='word_1_1' title='bbox 86 227 91 236; x_wconf 63' lang='grc'><strong>’</strong></span> <span class='ocrx_word' id='word_1_2' title='bbox 164 275 205 338; x_wconf 78' lang='grc' dir='ltr'>ιι</span> <span class='ocrx_word' id='word_1_3' title='bbox 557 267 597 328; x_wconf 80' lang='grc' dir='ltr'>ιιι</span> <span class='ocrx_word' id='word_1_4' title='bbox 615 263 757 329; x_wconf 67' lang='lat' dir='ltr'>sveno.</span> <span class='ocrx_word' id='word_1_5' title='bbox 778 261 911 328; x_wconf 73' lang='lat' dir='ltr'>rosus.</span> 
     </span>
    </p>
   </div>
   <div class='ocr_carea' id='block_1_2' title="bbox 64 367 1400 541">
    <p class='ocr_par' dir='ltr' id='par_1_2' title="bbox 64 367 1400 541">
     <span class='ocr_line' id='line_1_2' title="bbox 64 367 1400 466; baseline -0.013 -15"><span class='ocrx_word' id='word_1_6' title='bbox 64 383 77 406; x_wconf 63' lang='lat'>⁸</span> <span class='ocrx_word' id='word_1_7' title='bbox 167 387 315 450; x_wconf 72' lang='lat' dir='ltr'><strong>Christum</strong></span> <span class='ocrx_word' id='word_1_8' title='bbox 339 405 401 448; x_wconf 87' lang='lat' dir='ltr'>esso</span> <span class='ocrx_word' id='word_1_9' title='bbox 424 387 580 466; x_wconf 66' lang='lat' dir='ltr'>sponsat,</span> <span class='ocrx_word' id='word_1_10' title='bbox 598 367 665 462; x_wconf 83' lang='lat' dir='ltr'>quie</span> <span class='ocrx_word' id='word_1_11' title='bbox 688 381 719 440; x_wconf 91' lang='lat' dir='ltr'>tn</span> <span class='ocrx_word' id='word_1_12' title='bbox 743 376 829 440; x_wconf 84' lang='lat' dir='ltr'>aliurn</span> <span class='ocrx_word' id='word_1_13' title='bbox 852 376 995 440; x_wconf 87' lang='lat' dir='ltr'>nemiuem</span> <span class='ocrx_word' id='word_1_14' title='bbox 1017 373 1112 436; x_wconf 88' lang='lat' dir='ltr'>honor</span> <span class='ocrx_word' id='word_1_15' title='bbox 1134 393 1169 436; x_wconf 86' lang='lat' dir='ltr'>ac</span> <span class='ocrx_word' id='word_1_16' title='bbox 1187 393 1294 436; x_wconf 86' lang='lat' dir='ltr'>munus</span> <span class='ocrx_word' id='word_1_17' title='bbox 1399 381 1400 392; x_wconf 62' lang='lat'>¹</span> 
     </span>
     <span class='ocr_line' id='line_1_3' title="bbox 169 461 771 541; baseline -0.02 -9"><span class='ocrx_word' id='word_1_18' title='bbox 169 466 300 531; x_wconf 74' lang='lat' dir='ltr'>homme</span> <span class='ocrx_word' id='word_1_19' title='bbox 318 465 384 528; x_wconf 89' lang='lat' dir='ltr'>Deo</span> <span class='ocrx_word' id='word_1_20' title='bbox 402 461 599 539; x_wconf 85' lang='lat' dir='ltr'>reconciliandi</span> <span class='ocrx_word' id='word_1_21' title='bbox 618 466 771 541; x_wconf 85' lang='lat' dir='ltr'>competat.</span> 
     </span>
    </p>
   </div>
   <div class='ocr_carea' id='block_1_3' title="bbox 170 577 1400 784">
    <p class='ocr_par' dir='ltr' id='par_1_3' title="bbox 170 577 1400 784">
     <span class='ocr_line' id='line_1_4' title="bbox 232 577 1400 691; baseline -0.009 -27"><span class='ocrx_word' id='word_1_22' title='bbox 232 597 310 691; x_wconf 71' lang='grc'>135.</span> <span class='ocrx_word' id='word_1_23' title='bbox 337 591 491 661; x_wconf 81' lang='lat' dir='ltr'><strong>Postridie</strong></span> <span class='ocrx_word' id='word_1_24' title='bbox 511 613 620 660; x_wconf 90' lang='lat' dir='ltr'>rursus</span> <span class='ocrx_word' id='word_1_25' title='bbox 641 581 742 686; x_wconf 81' lang='lat' dir='ltr'>stabat</span> <span class='ocrx_word' id='word_1_26' title='bbox 763 587 906 670; x_wconf 88' lang='lat' dir='ltr'>loannes,</span> <span class='ocrx_word' id='word_1_27' title='bbox 927 595 960 654; x_wconf 89' lang='lat' dir='ltr'>et</span> <span class='ocrx_word' id='word_1_28' title='bbox 980 607 1023 682; x_wconf 77' lang='lat' dir='ltr'>ex</span> <span class='ocrx_word' id='word_1_29' title='bbox 1044 583 1203 677; x_wconf 84' lang='lat' dir='ltr'>discipulis</span> <span class='ocrx_word' id='word_1_30' title='bbox 1225 587 1297 654; x_wconf 90' lang='lat' dir='ltr'>eius</span> <span class='ocrx_word' id='word_1_31' title='bbox 1399 577 1400 654; x_wconf 71' lang='grc' dir='ltr'>Ϊ</span> 
     </span>
     <span class='ocr_line' id='line_1_5' title="bbox 170 688 1299 784; baseline -0.011 -14"><span class='ocrx_word' id='word_1_32' title='bbox 170 701 245 771; x_wconf 89' lang='lat' dir='ltr'>duo.</span> <span class='ocrx_word' id='word_1_33' title='bbox 288 698 342 767; x_wconf 85' lang='lat'>36.</span> <span class='ocrx_word' id='word_1_34' title='bbox 367 697 418 766; x_wconf 30' lang='lat' dir='ltr'>*Et</span> <span class='ocrx_word' id='word_1_35' title='bbox 438 697 568 765; x_wconf 81' lang='lat' dir='ltr'>intuitus</span> <span class='ocrx_word' id='word_1_36' title='bbox 589 695 694 765; x_wconf 92' lang='lat' dir='ltr'>lesum</span> <span class='ocrx_word' id='word_1_37' title='bbox 717 693 942 768; x_wconf 84' lang='lat' dir='ltr'>ambulantem,</span> <span class='ocrx_word' id='word_1_38' title='bbox 969 689 1064 775; x_wconf 85' lang='lat' dir='ltr'>dixit,</span> <span class='ocrx_word' id='word_1_39' title='bbox 1089 688 1172 760; x_wconf 84' lang='lat' dir='ltr'>Eone</span> <span class='ocrx_word' id='word_1_40' title='bbox 1193 713 1299 784; x_wconf 85' lang='lat' dir='ltr'>agnus</span> 
     </span>
    </p>
   </div>
   <div class='ocr_carea' id='block_1_4' title="bbox 55 795 1302 888">
    <p class='ocr_par' dir='ltr' id='par_1_4' title="bbox 55 795 1302 888">
     <span class='ocr_line' id='line_1_6' title="bbox 55 795 1302 888; baseline -0.014 -8"><span class='ocrx_word' id='word_1_41' title='bbox 55 869 59 880; x_wconf 84' lang='lat'>.</span> <span class='ocrx_word' id='word_1_42' title='bbox 169 805 242 876; x_wconf 80' lang='lat' dir='ltr'>Dei</span> <span class='ocrx_word' id='word_1_43' title='bbox 290 805 346 872; x_wconf 87' lang='grc'>37.</span> <span class='ocrx_word' id='word_1_44' title='bbox 378 801 555 872; x_wconf 90' lang='lat' dir='ltr'>Audierunt</span> <span class='ocrx_word' id='word_1_45' title='bbox 581 801 671 870; x_wconf 89' lang='lat' dir='ltr'>illum</span> <span class='ocrx_word' id='word_1_46' title='bbox 698 799 763 868; x_wconf 91' lang='lat' dir='ltr'>duo</span> <span class='ocrx_word' id='word_1_47' title='bbox 789 797 834 867; x_wconf 86' lang='lat' dir='ltr'>illi</span> <span class='ocrx_word' id='word_1_48' title='bbox 860 796 1003 888; x_wconf 86' lang='lat' dir='ltr'>discipuli</span> <span class='ocrx_word' id='word_1_49' title='bbox 1029 795 1231 888; x_wconf 89' lang='lat' dir='ltr'>loquentem,</span> <span class='ocrx_word' id='word_1_50' title='bbox 1264 805 1302 866; x_wconf 90' lang='lat' dir='ltr'>et</span> 
     </span>
    </p>
   </div>
   <div class='ocr_carea' id='block_1_5' title="bbox 170 879 1400 1892">
    <p class='ocr_par' dir='ltr' id='par_1_5' title="bbox 170 879 1400 1506">
     <span class='ocr_line' id='line_1_7' title="bbox 170 879 1301 1000; baseline -0.004 -23"><span class='ocrx_word' id='word_1_51' title='bbox 170 909 299 1000; x_wconf 86' lang='lat' dir='ltr'>sequuti</span> <span class='ocrx_word' id='word_1_52' title='bbox 320 919 395 978; x_wconf 87' lang='lat' dir='ltr'>sunt</span> <span class='ocrx_word' id='word_1_53' title='bbox 415 907 530 978; x_wconf 80' lang='lat' dir='ltr'>lesum.</span> <span class='ocrx_word' id='word_1_54' title='bbox 572 909 629 977; x_wconf 82' lang='grc'>38.</span> <span class='ocrx_word' id='word_1_55' title='bbox 662 903 845 975; x_wconf 81' lang='lat' dir='ltr'>Conversus</span> <span class='ocrx_word' id='word_1_56' title='bbox 866 913 972 973; x_wconf 89' lang='lat' dir='ltr'>autem</span> <span class='ocrx_word' id='word_1_57' title='bbox 992 901 1092 986; x_wconf 86' lang='lat' dir='ltr'>lesus,</span> <span class='ocrx_word' id='word_1_58' title='bbox 1113 911 1146 972; x_wconf 89' lang='lat' dir='ltr'>et</span> <span class='ocrx_word' id='word_1_59' title='bbox 1165 879 1301 972; x_wconf 66' lang='lat' dir='ltr'>intuitud</span> 
     </span>
     <span class='ocr_line' id='line_1_8' title="bbox 171 1006 1302 1106; baseline -0.005 -24"><span class='ocrx_word' id='word_1_60' title='bbox 171 1015 243 1084; x_wconf 90' lang='lat' dir='ltr'>illos</span> <span class='ocrx_word' id='word_1_61' title='bbox 266 1025 434 1105; x_wconf 82' lang='lat' dir='ltr'>sequentes</span> <span class='ocrx_word' id='word_1_62' title='bbox 455 1037 505 1101; x_wconf 87' lang='lat' dir='ltr'>se,</span> <span class='ocrx_word' id='word_1_63' title='bbox 532 1014 606 1084; x_wconf 87' lang='lat' dir='ltr'>dicit</span> <span class='ocrx_word' id='word_1_64' title='bbox 625 1013 717 1106; x_wconf 87' lang='lat' dir='ltr'>ipsis,</span> <span class='ocrx_word' id='word_1_65' title='bbox 744 1011 830 1098; x_wconf 79' lang='lat' dir='ltr'>Quid</span> <span class='ocrx_word' id='word_1_66' title='bbox 852 1008 1020 1102; x_wconf 76' lang='lat' dir='ltr'>quaesitis?</span> <span class='ocrx_word' id='word_1_67' title='bbox 1062 1006 1127 1094; x_wconf 82' lang='lat' dir='ltr'>Qui</span> <span class='ocrx_word' id='word_1_68' title='bbox 1149 1007 1302 1076; x_wconf 82' lang='lat' dir='ltr'>dixemnt</span> 
     </span>
     <span class='ocr_line' id='line_1_9' title="bbox 172 1113 1301 1212; baseline -0.006 -25"><span class='ocrx_word' id='word_1_69' title='bbox 172 1119 226 1203; x_wconf 89' lang='lat' dir='ltr'>illi,</span> <span class='ocrx_word' id='word_1_70' title='bbox 246 1119 347 1188; x_wconf 86' lang='lat' dir='ltr'>Rabhi</span> <span class='ocrx_word' id='word_1_71' title='bbox 369 1121 470 1211; x_wconf 92' lang='lat' dir='ltr'>(quod</span> <span class='ocrx_word' id='word_1_72' title='bbox 491 1121 519 1188; x_wconf 89' lang='lat' dir='ltr'>si</span> <span class='ocrx_word' id='word_1_73' title='bbox 539 1119 760 1212; x_wconf 85' lang='lat' dir='ltr'>interpreteris,</span> <span class='ocrx_word' id='word_1_74' title='bbox 780 1116 949 1210; x_wconf 83' lang='lat' dir='ltr'>exponitur</span> <span class='ocrx_word' id='word_1_75' title='bbox 970 1113 1139 1206; x_wconf 85' lang='lat' dir='ltr'>magister),</span> <span class='ocrx_word' id='word_1_76' title='bbox 1159 1113 1215 1182; x_wconf 92' lang='lat' dir='ltr'>uhi</span> <span class='ocrx_word' id='word_1_77' title='bbox 1235 1135 1301 1212; x_wconf 74' lang='lat' dir='ltr'>mq-</span> 
     </span>
     <span class='ocr_line' id='line_1_10' title="bbox 172 1219 1300 1309; baseline -0.005 -17"><span class='ocrx_word' id='word_1_78' title='bbox 172 1225 251 1293; x_wconf 83' lang='lat' dir='ltr'>nes?</span> <span class='ocrx_word' id='word_1_79' title='bbox 293 1225 348 1296; x_wconf 87' lang='grc'>39.</span> <span class='ocrx_word' id='word_1_80' title='bbox 370 1225 456 1295; x_wconf 82' lang='lat' dir='ltr'>Dicit</span> <span class='ocrx_word' id='word_1_81' title='bbox 476 1223 545 1309; x_wconf 89' lang='lat' dir='ltr'>illis,</span> <span class='ocrx_word' id='word_1_82' title='bbox 567 1223 681 1294; x_wconf 88' lang='lat' dir='ltr'>Venite</span> <span class='ocrx_word' id='word_1_83' title='bbox 703 1233 736 1293; x_wconf 88' lang='lat' dir='ltr'>et</span> <span class='ocrx_word' id='word_1_84' title='bbox 756 1223 869 1293; x_wconf 84' lang='lat' dir='ltr'>videte.</span> <span class='ocrx_word' id='word_1_85' title='bbox 914 1219 1078 1289; x_wconf 89' lang='lat' dir='ltr'>Venenmt</span> <span class='ocrx_word' id='word_1_86' title='bbox 1098 1231 1134 1289; x_wconf 88' lang='lat' dir='ltr'>et</span> <span class='ocrx_word' id='word_1_87' title='bbox 1152 1219 1300 1288; x_wconf 86' lang='lat' dir='ltr'>viderunt</span> 
     </span>
     <span class='ocr_line' id='line_1_11' title="bbox 172 1317 1400 1426; baseline -0.003 -31"><span class='ocrx_word' id='word_1_88' title='bbox 172 1329 227 1396; x_wconf 92' lang='lat' dir='ltr'>uhi</span> <span class='ocrx_word' id='word_1_89' title='bbox 247 1341 397 1416; x_wconf 87' lang='lat' dir='ltr'>maneret,</span> <span class='ocrx_word' id='word_1_90' title='bbox 418 1341 451 1400; x_wconf 90' lang='lat' dir='ltr'>et</span> <span class='ocrx_word' id='word_1_91' title='bbox 472 1331 556 1426; x_wconf 88' lang='lat' dir='ltr'>apud</span> <span class='ocrx_word' id='word_1_92' title='bbox 578 1354 652 1400; x_wconf 90' lang='lat' dir='ltr'>eum</span> <span class='ocrx_word' id='word_1_93' title='bbox 673 1339 857 1400; x_wconf 77' lang='lat' dir='ltr'>manserunt</span> <span class='ocrx_word' id='word_1_94' title='bbox 878 1327 962 1396; x_wconf 86' lang='lat' dir='ltr'>diem</span> <span class='ocrx_word' id='word_1_95' title='bbox 976 1325 1079 1396; x_wconf 78' lang='lat' dir='ltr'>iton:</span> <span class='ocrx_word' id='word_1_96' title='bbox 1099 1324 1179 1396; x_wconf 88' lang='lat' dir='ltr'>hora</span> <span class='ocrx_word' id='word_1_97' title='bbox 1192 1335 1299 1394; x_wconf 87' lang='lat' dir='ltr'>antem</span> <span class='ocrx_word' id='word_1_98' title='bbox 1327 1317 1331 1321; x_wconf 67' lang='grc'><em>’</em></span> <span class='ocrx_word' id='word_1_99' title='bbox 1399 1419 1400 1422; x_wconf 8' lang='lat'>¹</span> 
     </span>
     <span class='ocr_line' id='line_1_12' title="bbox 173 1436 476 1506; baseline 0.007 -2"><span class='ocrx_word' id='word_1_100' title='bbox 173 1445 241 1504; x_wconf 86' lang='lat' dir='ltr'>eret</span> <span class='ocrx_word' id='word_1_101' title='bbox 260 1436 326 1506; x_wconf 86' lang='lat' dir='ltr'>iere</span> <span class='ocrx_word' id='word_1_102' title='bbox 347 1437 476 1506; x_wconf 78' lang='lat' dir='ltr'>dechna.</span> 
     </span>
    </p>

    <p class='ocr_par' dir='ltr' id='par_1_6' title="bbox 174 1564 1301 1892">
     <span class='ocr_line' id='line_1_13' title="bbox 214 1564 1300 1668; baseline -0.007 -32"><span class='ocrx_word' id='word_1_103' title='bbox 214 1651 223 1668; x_wconf 46' lang='lat'><strong>·</strong></span> <span class='ocrx_word' id='word_1_104' title='bbox 253 1573 302 1636; x_wconf 83' lang='lat'>35.</span> <span class='ocrx_word' id='word_1_105' title='bbox 321 1575 398 1637; x_wconf 78' lang='lat' dir='ltr'>Ecce</span> <span class='ocrx_word' id='word_1_106' title='bbox 416 1577 525 1652; x_wconf 78' lang='lat' dir='ltr'>Agnus</span> <span class='ocrx_word' id='word_1_107' title='bbox 542 1577 610 1638; x_wconf 83' lang='lat' dir='ltr'>Det.</span> <span class='ocrx_word' id='word_1_108' title='bbox 634 1573 709 1637; x_wconf 88' lang='lat' dir='ltr'>Hinc</span> <span class='ocrx_word' id='word_1_109' title='bbox 727 1572 830 1658; x_wconf 74' lang='lat' dir='ltr'>darius</span> <span class='ocrx_word' id='word_1_110' title='bbox 844 1575 929 1667; x_wconf 83' lang='lat' dir='ltr'>patet</span> <span class='ocrx_word' id='word_1_111' title='bbox 943 1567 1021 1651; x_wconf 88' lang='lat' dir='ltr'>quod</span> <span class='ocrx_word' id='word_1_112' title='bbox 1036 1569 1094 1631; x_wconf 90' lang='lat' dir='ltr'>iam</span> <span class='ocrx_word' id='word_1_113' title='bbox 1106 1569 1187 1652; x_wconf 87' lang='lat' dir='ltr'>prins</span> <span class='ocrx_word' id='word_1_114' title='bbox 1201 1564 1300 1628; x_wconf 85' lang='lat' dir='ltr'>admo-</span> 
     </span>
     <span class='ocr_line' id='line_1_14' title="bbox 174 1648 1300 1750; baseline -0.003 -40"><span class='ocrx_word' id='word_1_115' title='bbox 174 1671 231 1747; x_wconf 86' lang='grc' dir='ltr'>ιιιιιΙ</span> <span class='ocrx_word' id='word_1_116' title='bbox 242 1650 391 1750; x_wconf 75' lang='lat' dir='ltr'>Ioannem,</span> <span class='ocrx_word' id='word_1_117' title='bbox 414 1675 505 1750; x_wconf 78' lang='lat' dir='ltr'>quum</span> <span class='ocrx_word' id='word_1_118' title='bbox 528 1656 646 1715; x_wconf 85' lang='lat' dir='ltr'>sentiret</span> <span class='ocrx_word' id='word_1_119' title='bbox 664 1653 751 1750; x_wconf 49' lang='lat' dir='ltr'>se3ad</span> <span class='ocrx_word' id='word_1_120' title='bbox 770 1652 853 1712; x_wconf 83' lang='lat' dir='ltr'>stndh</span> <span class='ocrx_word' id='word_1_121' title='bbox 872 1651 917 1711; x_wconf 91' lang='lat' dir='ltr'>sui</span> <span class='ocrx_word' id='word_1_122' title='bbox 935 1657 1042 1712; x_wconf 87' lang='lat' dir='ltr'>metam</span> <span class='ocrx_word' id='word_1_123' title='bbox 1060 1668 1151 1733; x_wconf 83' lang='lat' dir='ltr'>appro</span> <span class='ocrx_word' id='word_1_124' title='bbox 1171 1648 1300 1742; x_wconf 67' lang='lat' dir='ltr'>inquere,</span> 
     </span>
     <span class='ocr_line' id='line_1_15' title="bbox 178 1729 1301 1812; baseline -0.003 -23"><span class='ocrx_word' id='word_1_125' title='bbox 178 1730 289 1791; x_wconf 72' lang='lat' dir='ltr'>assidue</span> <span class='ocrx_word' id='word_1_126' title='bbox 307 1739 413 1792; x_wconf 84' lang='lat' dir='ltr'>motare</span> <span class='ocrx_word' id='word_1_127' title='bbox 431 1733 560 1809; x_wconf 87' lang='lat' dir='ltr'>sohtum,</span> <span class='ocrx_word' id='word_1_128' title='bbox 580 1741 615 1794; x_wconf 89' lang='lat' dir='ltr'>nt</span> <span class='ocrx_word' id='word_1_129' title='bbox 633 1733 749 1795; x_wconf 83' lang='lat' dir='ltr'>Ghnsto</span> <span class='ocrx_word' id='word_1_130' title='bbox 773 1729 934 1812; x_wconf 85' lang='lat' dir='ltr'>lampadem</span> <span class='ocrx_word' id='word_1_131' title='bbox 957 1729 1090 1789; x_wconf 84' lang='lat' dir='ltr'>traderet.</span> <span class='ocrx_word' id='word_1_132' title='bbox 1195 1733 1301 1787; x_wconf 80' lang='lat' dir='ltr'>stantre</span> 
     </span>
     <span class='ocr_line' id='line_1_16' title="bbox 175 1803 1301 1892; baseline -0.003 -24"><span class='ocrx_word' id='word_1_133' title='bbox 175 1809 261 1871; x_wconf 84' lang='lat' dir='ltr'>etiem</span> <span class='ocrx_word' id='word_1_134' title='bbox 279 1811 344 1892; x_wconf 89' lang='lat' dir='ltr'>plns</span> <span class='ocrx_word' id='word_1_135' title='bbox 362 1811 430 1872; x_wconf 88' lang='lat' dir='ltr'>lidei</span> <span class='ocrx_word' id='word_1_136' title='bbox 448 1814 610 1878; x_wconf 89' lang='lat' dir='ltr'>testimonio</span> <span class='ocrx_word' id='word_1_137' title='bbox 629 1813 769 1874; x_wconf 82' lang='lat' dir='ltr'>ednoiliat.</span> <span class='ocrx_word' id='word_1_138' title='bbox 808 1809 868 1871; x_wconf 85' lang='lat' dir='ltr'>Sed</span> <span class='ocrx_word' id='word_1_139' title='bbox 881 1807 959 1890; x_wconf 88' lang='lat' dir='ltr'>quod</span> <span class='ocrx_word' id='word_1_140' title='bbox 974 1803 1113 1868; x_wconf 86' lang='lat' dir='ltr'>continuis</span> <span class='ocrx_word' id='word_1_141' title='bbox 1125 1805 1222 1867; x_wconf 90' lang='lat' dir='ltr'>diebus</span> <span class='ocrx_word' id='word_1_142' title='bbox 1237 1811 1301 1865; x_wconf 86' lang='lat' dir='ltr'>tam</span> 
     </span>
    </p>
   </div>
   <div class='ocr_carea' id='block_1_6' title="bbox 174 1879 1353 2046">
    <p class='ocr_par' dir='ltr' id='par_1_7' title="bbox 174 1879 1353 2046">
     <span class='ocr_line' id='line_1_17' title="bbox 174 1879 1353 1986; baseline -0.002 -39"><span class='ocrx_word' id='word_1_143' title='bbox 174 1888 275 1948; x_wconf 89' lang='lat' dir='ltr'>sedulo</span> <span class='ocrx_word' id='word_1_144' title='bbox 294 1892 324 1986; x_wconf 76' lang='lat' dir='ltr'>in</span> <span class='ocrx_word' id='word_1_145' title='bbox 343 1891 496 1986; x_wconf 85' lang='lat' dir='ltr'>repetenda</span> <span class='ocrx_word' id='word_1_146' title='bbox 512 1889 619 1952; x_wconf 84' lang='lat' dir='ltr'>Christi</span> <span class='ocrx_word' id='word_1_147' title='bbox 638 1888 884 1953; x_wconf 84' lang='lat' dir='ltr'>commendatione</span> <span class='ocrx_word' id='word_1_148' title='bbox 901 1889 1018 1962; x_wconf 87' lang='lat' dir='ltr'>insistit,</span> <span class='ocrx_word' id='word_1_149' title='bbox 1037 1905 1072 1948; x_wconf 89' lang='lat' dir='ltr'>eo</span> <span class='ocrx_word' id='word_1_150' title='bbox 1087 1885 1221 1946; x_wconf 80' lang='lat' dir='ltr'>admonet</span> <span class='ocrx_word' id='word_1_151' title='bbox 1234 1879 1299 1965; x_wconf 78' lang='lat' dir='ltr'>per·</span> <span class='ocrx_word' id='word_1_152' title='bbox 1348 1939 1353 1952; x_wconf 86' lang='grc'><em>,</em></span> 
     </span>
     <span class='ocr_line' id='line_1_18' title="bbox 177 1967 1302 2046; baseline -0.004 -19"><span class='ocrx_word' id='word_1_153' title='bbox 177 1975 273 2028; x_wconf 90' lang='lat' dir='ltr'>actum</span> <span class='ocrx_word' id='word_1_154' title='bbox 291 1987 350 2029; x_wconf 82' lang='lat' dir='ltr'>mm</span> <span class='ocrx_word' id='word_1_155' title='bbox 368 1969 421 2030; x_wconf 83' lang='lat' dir='ltr'>subi</span> <span class='ocrx_word' id='word_1_156' title='bbox 439 1989 502 2032; x_wconf 88' lang='lat' dir='ltr'>esse</span> <span class='ocrx_word' id='word_1_157' title='bbox 521 1991 644 2030; x_wconf 80' lang='lat' dir='ltr'>cursum.</span> <span class='ocrx_word' id='word_1_158' title='bbox 682 1969 738 2030; x_wconf 91' lang='lat' dir='ltr'>Hic</span> <span class='ocrx_word' id='word_1_159' title='bbox 776 1975 902 2029; x_wconf 74' lang='lat' dir='ltr'>caeterea</span> <span class='ocrx_word' id='word_1_160' title='bbox 920 1967 1048 2027; x_wconf 83' lang='lat' dir='ltr'>videmus</span> <span class='ocrx_word' id='word_1_161' title='bbox 1067 1985 1153 2046; x_wconf 76' lang='lat' dir='ltr'>qsnm</span> <span class='ocrx_word' id='word_1_162' title='bbox 1165 1969 1252 2024; x_wconf 85' lang='lat' dir='ltr'>tenue</span> <span class='ocrx_word' id='word_1_163' title='bbox 1268 1969 1302 2022; x_wconf 91' lang='lat' dir='ltr'>et</span> 
     </span>
    </p>
   </div>
   <div class='ocr_carea' id='block_1_7' title="bbox 175 1989 1302 2264">
    <p class='ocr_par' dir='ltr' id='par_1_8' title="bbox 175 1989 1302 2264">
     <span class='ocr_line' id='line_1_19' title="bbox 176 1989 1302 2182; baseline -0.004 -77"><span class='ocrx_word' id='word_1_164' title='bbox 176 2045 284 2106; x_wconf 89' lang='lat' dir='ltr'>humile</span> <span class='ocrx_word' id='word_1_165' title='bbox 296 2045 440 2110; x_wconf 83' lang='lat' dir='ltr'>Ecclesiae</span> <span class='ocrx_word' id='word_1_166' title='bbox 454 2050 624 2131; x_wconf 88' lang='lat' dir='ltr'>principium</span> <span class='ocrx_word' id='word_1_167' title='bbox 637 2049 731 2112; x_wconf 84' lang='lat' dir='ltr'>fuerit.</span> <span class='ocrx_word' id='word_1_168' title='bbox 755 1989 881 2109; x_wconf 74' lang='lat' dir='ltr'>loannes</span> <span class='ocrx_word' id='word_1_169' title='bbox 895 2041 1010 2127; x_wconf 87' lang='lat' dir='ltr'>quidem</span> <span class='ocrx_word' id='word_1_170' title='bbox 1018 2044 1133 2140; x_wconf 71' lang='lat' dir='ltr'>Christo</span> <span class='ocrx_word' id='word_1_171' title='bbox 1146 2041 1302 2182; x_wconf 69' lang='lat' dir='ltr'>discipulos</span> 
     </span>
     <span class='ocr_line' id='line_1_20' title="bbox 175 2125 1301 2264; baseline -0.002 -81"><span class='ocrx_word' id='word_1_172' title='bbox 175 2125 303 2264; x_wconf 74' lang='lat' dir='ltr'>parabat,</span> <span class='ocrx_word' id='word_1_173' title='bbox 323 2127 373 2188; x_wconf 88' lang='lat' dir='ltr'>sod</span> <span class='ocrx_word' id='word_1_174' title='bbox 383 2127 514 2188; x_wconf 81' lang='lat' dir='ltr'>Christus</span> <span class='ocrx_word' id='word_1_175' title='bbox 533 2147 610 2188; x_wconf 91' lang='lat' dir='ltr'>nunc</span> <span class='ocrx_word' id='word_1_176' title='bbox 629 2129 744 2188; x_wconf 89' lang='lat' dir='ltr'>demum</span> <span class='ocrx_word' id='word_1_177' title='bbox 753 2125 909 2187; x_wconf 84' lang='lat' dir='ltr'>Ecclesiam</span> <span class='ocrx_word' id='word_1_178' title='bbox 927 2125 1060 2206; x_wconf 89' lang='lat' dir='ltr'>colligere</span> <span class='ocrx_word' id='word_1_179' title='bbox 1076 2125 1185 2204; x_wconf 84' lang='lat' dir='ltr'>mciprt.</span> <span class='ocrx_word' id='word_1_180' title='bbox 1234 2141 1301 2182; x_wconf 86' lang='lat' dir='ltr'>erro</span> 
     </span>
    </p>
   </div>
   <div class='ocr_carea' id='block_1_8' title="bbox 129 2203 1307 3715">
    <p class='ocr_par' dir='ltr' id='par_1_9' title="bbox 129 2203 1307 3715">
     <span class='ocr_line' id='line_1_21' title="bbox 196 2203 1302 2287; baseline -0.002 -25"><span class='ocrx_word' id='word_1_181' title='bbox 196 2224 249 2263; x_wconf 85' lang='lat' dir='ltr'>uos</span> <span class='ocrx_word' id='word_1_182' title='bbox 267 2213 379 2266; x_wconf 84' lang='lat' dir='ltr'>tantum</span> <span class='ocrx_word' id='word_1_183' title='bbox 397 2206 483 2266; x_wconf 77' lang='lat' dir='ltr'>hehet</span> <span class='ocrx_word' id='word_1_184' title='bbox 501 2207 637 2267; x_wconf 87' lang='lat' dir='ltr'>obscuros</span> <span class='ocrx_word' id='word_1_185' title='bbox 656 2212 692 2267; x_wconf 54' lang='lat' dir='ltr'>et*</span> <span class='ocrx_word' id='word_1_186' title='bbox 705 2205 843 2287; x_wconf 80' lang='lat' dir='ltr'>ignobiles</span> <span class='ocrx_word' id='word_1_187' title='bbox 861 2204 1006 2278; x_wconf 87' lang='lat' dir='ltr'>homines,</span> <span class='ocrx_word' id='word_1_188' title='bbox 1033 2203 1084 2264; x_wconf 92' lang='lat' dir='ltr'>sed</span> <span class='ocrx_word' id='word_1_189' title='bbox 1107 2203 1164 2264; x_wconf 92' lang='lat' dir='ltr'>hoo</span> <span class='ocrx_word' id='word_1_190' title='bbox 1185 2219 1302 2281; x_wconf 83' lang='lat' dir='ltr'>qnoque</span> 
     </span>
     <span class='ocr_line' id='line_1_22' title="bbox 176 2281 1303 2368; baseline -0.002 -27"><span class='ocrx_word' id='word_1_191' title='bbox 176 2283 214 2342; x_wconf 91' lang='lat' dir='ltr'>ad</span> <span class='ocrx_word' id='word_1_192' title='bbox 232 2283 426 2346; x_wconf 69' lang='lat' dir='ltr'>illustrandam</span> <span class='ocrx_word' id='word_1_193' title='bbox 445 2284 506 2346; x_wconf 89' lang='lat' dir='ltr'>eins</span> <span class='ocrx_word' id='word_1_194' title='bbox 525 2286 646 2368; x_wconf 78' lang='lat' dir='ltr'>gloriam</span> <span class='ocrx_word' id='word_1_195' title='bbox 664 2285 747 2362; x_wconf 79' lang='lat' dir='ltr'>iecit,</span> <span class='ocrx_word' id='word_1_196' title='bbox 775 2283 855 2364; x_wconf 89' lang='lat' dir='ltr'>quod</span> <span class='ocrx_word' id='word_1_197' title='bbox 879 2283 959 2344; x_wconf 84' lang='lat' dir='ltr'>brevi</span> <span class='ocrx_word' id='word_1_198' title='bbox 976 2283 1112 2363; x_wconf 69' lang='lat' dir='ltr'>temporis</span> <span class='ocrx_word' id='word_1_199' title='bbox 1131 2281 1222 2362; x_wconf 87' lang='lat' dir='ltr'>spatio</span> <span class='ocrx_word' id='word_1_200' title='bbox 1241 2299 1303 2340; x_wconf 89' lang='lat' dir='ltr'>non</span> 
     </span>
     <span class='ocr_line' id='line_1_23' title="bbox 175 2359 1302 2445; baseline -0.001 -25"><span class='ocrx_word' id='word_1_201' title='bbox 175 2361 306 2424; x_wconf 80' lang='lat' dir='ltr'>humenis</span> <span class='ocrx_word' id='word_1_202' title='bbox 327 2364 437 2445; x_wconf 86' lang='lat' dir='ltr'>opibus,</span> <span class='ocrx_word' id='word_1_203' title='bbox 456 2384 511 2426; x_wconf 90' lang='lat' dir='ltr'>nec</span> <span class='ocrx_word' id='word_1_204' title='bbox 528 2365 623 2426; x_wconf 83' lang='lat' dir='ltr'>valida</span> <span class='ocrx_word' id='word_1_205' title='bbox 641 2383 730 2426; x_wconf 89' lang='lat' dir='ltr'>mann</span> <span class='ocrx_word' id='word_1_206' title='bbox 747 2363 870 2438; x_wconf 88' lang='lat' dir='ltr'>adiutus,</span> <span class='ocrx_word' id='word_1_207' title='bbox 888 2381 1009 2443; x_wconf 79' lang='lat' dir='ltr'>regnum</span> <span class='ocrx_word' id='word_1_208' title='bbox 1027 2381 1111 2421; x_wconf 83' lang='lat' dir='ltr'>suum</span> <span class='ocrx_word' id='word_1_209' title='bbox 1129 2362 1202 2421; x_wconf 85' lang='lat' dir='ltr'>miro</span> <span class='ocrx_word' id='word_1_210' title='bbox 1215 2359 1302 2420; x_wconf 89' lang='lat' dir='ltr'>etin·</span> 
     </span>
     <span class='ocr_line' id='line_1_24' title="bbox 175 2439 1304 2536; baseline -0.001 -37"><span class='ocrx_word' id='word_1_211' title='bbox 175 2441 303 2502; x_wconf 80' lang='lat' dir='ltr'>credibili</span> <span class='ocrx_word' id='word_1_212' title='bbox 326 2444 412 2502; x_wconf 93' lang='lat' dir='ltr'>modo</span> <span class='ocrx_word' id='word_1_213' title='bbox 437 2451 585 2524; x_wconf 78' lang='lat' dir='ltr'>propagat</span> <span class='ocrx_word' id='word_1_214' title='bbox 634 2442 728 2504; x_wconf 88' lang='lat' dir='ltr'>Porro</span> <span class='ocrx_word' id='word_1_215' title='bbox 751 2443 911 2505; x_wconf 86' lang='lat' dir='ltr'>notandum</span> <span class='ocrx_word' id='word_1_216' title='bbox 929 2448 974 2503; x_wconf 85' lang='lat' dir='ltr'>est</span> <span class='ocrx_word' id='word_1_217' title='bbox 992 2459 1131 2521; x_wconf 87' lang='lat' dir='ltr'>quorsum</span> <span class='ocrx_word' id='word_1_218' title='bbox 1149 2439 1304 2536; x_wconf 86' lang='lat' dir='ltr'>praecipue</span> 
     </span>
     <span class='ocr_line' id='line_1_25' title="bbox 143 2518 1302 2604; baseline 0.002 -27"><span class='ocrx_word' id='word_1_219' title='bbox 143 2552 144 2557; x_wconf 22' lang='grc' dir='ltr'><strong><em>κ</em></strong></span> <span class='ocrx_word' id='word_1_220' title='bbox 176 2518 306 2579; x_wconf 90' lang='lat' dir='ltr'>homines</span> <span class='ocrx_word' id='word_1_221' title='bbox 325 2521 459 2602; x_wconf 82' lang='lat' dir='ltr'>adducat:</span> <span class='ocrx_word' id='word_1_222' title='bbox 479 2540 582 2603; x_wconf 87' lang='lat' dir='ltr'>nempe</span> <span class='ocrx_word' id='word_1_223' title='bbox 601 2529 635 2582; x_wconf 91' lang='lat' dir='ltr'>ut</span> <span class='ocrx_word' id='word_1_224' title='bbox 652 2524 682 2584; x_wconf 92' lang='lat' dir='ltr'>in</span> <span class='ocrx_word' id='word_1_225' title='bbox 696 2542 732 2583; x_wconf 90' lang='lat' dir='ltr'>eo</span> <span class='ocrx_word' id='word_1_226' title='bbox 745 2529 927 2604; x_wconf 86' lang='lat' dir='ltr'>peecatorum</span> <span class='ocrx_word' id='word_1_227' title='bbox 940 2519 1135 2580; x_wconf 79' lang='lat' dir='ltr'>remissionem</span> <span class='ocrx_word' id='word_1_228' title='bbox 1148 2519 1302 2580; x_wconf 79' lang='lat' dir='ltr'>mveniant.</span> 
     </span>
     <span class='ocr_line' id='line_1_26' title="bbox 156 2595 1303 2682; baseline 0.002 -26"><span class='ocrx_word' id='word_1_229' title='bbox 156 2631 157 2636; x_wconf 22' lang='grc' dir='ltr'><strong>κ</strong></span> <span class='ocrx_word' id='word_1_230' title='bbox 176 2595 269 2657; x_wconf 87' lang='lat' dir='ltr'>Sicuti</span> <span class='ocrx_word' id='word_1_231' title='bbox 287 2606 384 2660; x_wconf 81' lang='lat' dir='ltr'>eutem</span> <span class='ocrx_word' id='word_1_232' title='bbox 404 2599 535 2660; x_wconf 83' lang='lat' dir='ltr'>Christus</span> <span class='ocrx_word' id='word_1_233' title='bbox 554 2620 585 2662; x_wconf 88' lang='lat' dir='ltr'>sc</span> <span class='ocrx_word' id='word_1_234' title='bbox 605 2602 735 2662; x_wconf 89' lang='lat' dir='ltr'>consulto</span> <span class='ocrx_word' id='word_1_235' title='bbox 756 2601 898 2682; x_wconf 80' lang='lat' dir='ltr'>discipulis</span> <span class='ocrx_word' id='word_1_236' title='bbox 918 2599 1072 2676; x_wconf 89' lang='lat' dir='ltr'>obtulerat,</span> <span class='ocrx_word' id='word_1_237' title='bbox 1095 2605 1130 2660; x_wconf 89' lang='lat' dir='ltr'>ut</span> <span class='ocrx_word' id='word_1_238' title='bbox 1148 2598 1185 2659; x_wconf 81' lang='lat' dir='ltr'>ad</span> <span class='ocrx_word' id='word_1_239' title='bbox 1203 2617 1235 2658; x_wconf 86' lang='lat' dir='ltr'>se</span> <span class='ocrx_word' id='word_1_240' title='bbox 1252 2615 1303 2659; x_wconf 83' lang='lat' dir='ltr'>ve-</span> 
     </span>
     <span class='ocr_line' id='line_1_27' title="bbox 175 2677 1305 2776; baseline 0.002 -40"><span class='ocrx_word' id='word_1_241' title='bbox 175 2677 286 2752; x_wconf 88' lang='lat' dir='ltr'>nirent,</span> <span class='ocrx_word' id='word_1_242' title='bbox 310 2679 350 2738; x_wconf 87' lang='lat' dir='ltr'>ita</span> <span class='ocrx_word' id='word_1_243' title='bbox 369 2698 447 2739; x_wconf 89' lang='lat' dir='ltr'>nunc</span> <span class='ocrx_word' id='word_1_244' title='bbox 466 2679 586 2776; x_wconf 82' lang='lat' dir='ltr'>henigne</span> <span class='ocrx_word' id='word_1_245' title='bbox 604 2682 749 2743; x_wconf 85' lang='lat' dir='ltr'>venientes</span> <span class='ocrx_word' id='word_1_246' title='bbox 768 2683 876 2742; x_wconf 88' lang='lat' dir='ltr'>animat</span> <span class='ocrx_word' id='word_1_247' title='bbox 893 2687 925 2741; x_wconf 90' lang='lat' dir='ltr'>et</span> <span class='ocrx_word' id='word_1_248' title='bbox 942 2679 1084 2740; x_wconf 85' lang='lat' dir='ltr'>hortatur.</span> <span class='ocrx_word' id='word_1_249' title='bbox 1112 2697 1207 2758; x_wconf 87' lang='lat' dir='ltr'>neqcc</span> <span class='ocrx_word' id='word_1_250' title='bbox 1225 2677 1305 2738; x_wconf 84' lang='lat' dir='ltr'>enim</span> 
     </span>
     <span class='ocr_line' id='line_1_28' title="bbox 177 2758 1305 2841; baseline 0 -24"><span class='ocrx_word' id='word_1_251' title='bbox 177 2764 325 2836; x_wconf 79' lang='lat' dir='ltr'>exspectet</span> <span class='ocrx_word' id='word_1_252' title='bbox 344 2758 413 2818; x_wconf 90' lang='lat' dir='ltr'>dum</span> <span class='ocrx_word' id='word_1_253' title='bbox 431 2759 486 2840; x_wconf 90' lang='lat' dir='ltr'>ipsi</span> <span class='ocrx_word' id='word_1_254' title='bbox 504 2779 612 2840; x_wconf 88' lang='lat' dir='ltr'>pnores</span> <span class='ocrx_word' id='word_1_255' title='bbox 631 2761 719 2821; x_wconf 79' lang='lat' dir='ltr'>verbe</span> <span class='ocrx_word' id='word_1_256' title='bbox 737 2761 853 2836; x_wconf 73' lang='lat' dir='ltr'>faciam,</span> <span class='ocrx_word' id='word_1_257' title='bbox 873 2759 924 2821; x_wconf 87' lang='lat' dir='ltr'>sod</span> <span class='ocrx_word' id='word_1_258' title='bbox 940 2779 976 2820; x_wconf 86' lang='lat' dir='ltr'>ro</span> <span class='ocrx_word' id='word_1_259' title='bbox 994 2765 1033 2832; x_wconf 86' lang='lat' dir='ltr'>at,</span> <span class='ocrx_word' id='word_1_260' title='bbox 1055 2760 1135 2833; x_wconf 72' lang='lat' dir='ltr'>Ques</span> <span class='ocrx_word' id='word_1_261' title='bbox 1144 2761 1305 2841; x_wconf 71' lang='lat' dir='ltr'>qaoertttst</span> 
     </span>
     <span class='ocr_line' id='line_1_29' title="bbox 176 2781 1305 2924; baseline 0 -30"><span class='ocrx_word' id='word_1_262' title='bbox 176 2832 256 2895; x_wconf 85' lang='lat' dir='ltr'>llaec</span> <span class='ocrx_word' id='word_1_263' title='bbox 275 2843 334 2896; x_wconf 91' lang='lat' dir='ltr'>tam</span> <span class='ocrx_word' id='word_1_264' title='bbox 352 2836 455 2924; x_wconf 82' lang='lat' dir='ltr'>blanda</span> <span class='ocrx_word' id='word_1_265' title='bbox 473 2845 504 2899; x_wconf 90' lang='lat' dir='ltr'>et</span> <span class='ocrx_word' id='word_1_266' title='bbox 522 2841 611 2900; x_wconf 87' lang='lat' dir='ltr'>comis</span> <span class='ocrx_word' id='word_1_267' title='bbox 630 2841 760 2902; x_wconf 87' lang='lat' dir='ltr'>invitatio</span> <span class='ocrx_word' id='word_1_268' title='bbox 780 2859 854 2921; x_wconf 87' lang='lat' dir='ltr'>quae</span> <span class='ocrx_word' id='word_1_269' title='bbox 872 2839 961 2902; x_wconf 87' lang='lat' dir='ltr'>semel</span> <span class='ocrx_word' id='word_1_270' title='bbox 976 2781 1091 2899; x_wconf 74' lang='lat' dir='ltr'>duobus</span> <span class='ocrx_word' id='word_1_271' title='bbox 1105 2837 1180 2898; x_wconf 85' lang='lat' dir='ltr'>iacta</span> <span class='ocrx_word' id='word_1_272' title='bbox 1193 2843 1246 2910; x_wconf 82' lang='lat' dir='ltr'>est,</span> <span class='ocrx_word' id='word_1_273' title='bbox 1265 2834 1305 2894; x_wconf 91' lang='lat' dir='ltr'>ad</span> 
     </span>
     <span class='ocr_line' id='line_1_30' title="bbox 177 2914 1304 2999; baseline 0.002 -27"><span class='ocrx_word' id='word_1_274' title='bbox 177 2933 276 2974; x_wconf 90' lang='lat' dir='ltr'>omnes</span> <span class='ocrx_word' id='word_1_275' title='bbox 295 2935 372 2977; x_wconf 90' lang='lat' dir='ltr'>nunc</span> <span class='ocrx_word' id='word_1_276' title='bbox 390 2918 521 2999; x_wconf 83' lang='lat' dir='ltr'>pertinet.</span> <span class='ocrx_word' id='word_1_277' title='bbox 562 2917 661 2998; x_wconf 84' lang='lat' dir='ltr'>Quare</span> <span class='ocrx_word' id='word_1_278' title='bbox 678 2919 836 2980; x_wconf 83' lang='lat' dir='ltr'>timendum</span> <span class='ocrx_word' id='word_1_279' title='bbox 854 2938 914 2980; x_wconf 91' lang='lat' dir='ltr'>non</span> <span class='ocrx_word' id='word_1_280' title='bbox 933 2925 977 2978; x_wconf 85' lang='lat' dir='ltr'>est</span> <span class='ocrx_word' id='word_1_281' title='bbox 995 2938 1032 2978; x_wconf 91' lang='lat' dir='ltr'>ne</span> <span class='ocrx_word' id='word_1_282' title='bbox 1050 2935 1082 2976; x_wconf 90' lang='lat' dir='ltr'>se</span> <span class='ocrx_word' id='word_1_283' title='bbox 1099 2915 1182 2977; x_wconf 89' lang='lat' dir='ltr'>nobis</span> <span class='ocrx_word' id='word_1_284' title='bbox 1196 2914 1304 2975; x_wconf 89' lang='lat' dir='ltr'>subdu-</span> 
     </span>
     <span class='ocr_line' id='line_1_31' title="bbox 161 2993 1305 3080; baseline 0.001 -28"><span class='ocrx_word' id='word_1_285' title='bbox 161 3000 224 3059; x_wconf 78' lang='lat' dir='ltr'>,cut</span> <span class='ocrx_word' id='word_1_286' title='bbox 242 2993 387 3071; x_wconf 82' lang='lat' dir='ltr'>Christus,</span> <span class='ocrx_word' id='word_1_287' title='bbox 411 2997 459 3056; x_wconf 81' lang='lat' dir='ltr'>vel</span> <span class='ocrx_word' id='word_1_288' title='bbox 482 2997 596 3059; x_wconf 81' lang='lat' dir='ltr'>facilem</span> <span class='ocrx_word' id='word_1_289' title='bbox 614 3019 760 3061; x_wconf 81' lang='lat' dir='ltr'>accessum</span> <span class='ocrx_word' id='word_1_290' title='bbox 778 3005 876 3080; x_wconf 87' lang='lat' dir='ltr'>neget,</span> <span class='ocrx_word' id='word_1_291' title='bbox 900 2998 925 3057; x_wconf 91' lang='lat' dir='ltr'>si</span> <span class='ocrx_word' id='word_1_292' title='bbox 944 2997 1032 3058; x_wconf 89' lang='lat' dir='ltr'>modo</span> <span class='ocrx_word' id='word_1_293' title='bbox 1049 3015 1103 3056; x_wconf 89' lang='lat' dir='ltr'>nos</span> <span class='ocrx_word' id='word_1_294' title='bbox 1122 2995 1158 3055; x_wconf 89' lang='lat' dir='ltr'>ad</span> <span class='ocrx_word' id='word_1_295' title='bbox 1177 3013 1209 3055; x_wconf 91' lang='lat' dir='ltr'>se</span> <span class='ocrx_word' id='word_1_296' title='bbox 1227 2995 1305 3074; x_wconf 80' lang='lat' dir='ltr'>aspi·</span> 
     </span>
     <span class='ocr_line' id='line_1_32' title="bbox 176 3072 1302 3160; baseline -0.001 -28"><span class='ocrx_word' id='word_1_297' title='bbox 176 3091 241 3133; x_wconf 85' lang='lat' dir='ltr'>rore</span> <span class='ocrx_word' id='word_1_298' title='bbox 269 3074 384 3135; x_wconf 72' lang='lat' dir='ltr'>nuent:</span> <span class='ocrx_word' id='word_1_299' title='bbox 414 3078 483 3157; x_wconf 86' lang='lat' dir='ltr'>quin</span> <span class='ocrx_word' id='word_1_300' title='bbox 508 3080 605 3159; x_wconf 88' lang='lat' dir='ltr'>potius</span> <span class='ocrx_word' id='word_1_301' title='bbox 628 3099 716 3140; x_wconf 85' lang='lat' dir='ltr'>mann</span> <span class='ocrx_word' id='word_1_302' title='bbox 738 3084 871 3160; x_wconf 76' lang='lat' dir='ltr'>porrecte</span> <span class='ocrx_word' id='word_1_303' title='bbox 895 3085 1013 3138; x_wconf 84' lang='lat' dir='ltr'>conatus</span> <span class='ocrx_word' id='word_1_304' title='bbox 1041 3079 1154 3135; x_wconf 82' lang='lat' dir='ltr'>nostros</span> <span class='ocrx_word' id='word_1_305' title='bbox 1181 3072 1302 3132; x_wconf 72' lang='lat' dir='ltr'>iuvabit.</span> 
     </span>
     <span class='ocr_line' id='line_1_33' title="bbox 176 3149 1303 3238; baseline 0.007 -27"><span class='ocrx_word' id='word_1_306' title='bbox 176 3149 216 3212; x_wconf 84' lang='lat' dir='ltr'>Et</span> <span class='ocrx_word' id='word_1_307' title='bbox 234 3154 380 3233; x_wconf 82' lang='lat' dir='ltr'>quomodo</span> <span class='ocrx_word' id='word_1_308' title='bbox 398 3175 458 3217; x_wconf 88' lang='lat' dir='ltr'>nun</span> <span class='ocrx_word' id='word_1_309' title='bbox 478 3163 646 3218; x_wconf 63' lang='lat' dir='ltr'>occurreretx</span> <span class='ocrx_word' id='word_1_310' title='bbox 658 3159 693 3219; x_wconf 88' lang='lat' dir='ltr'>ad</span> <span class='ocrx_word' id='word_1_311' title='bbox 713 3177 744 3218; x_wconf 88' lang='lat' dir='ltr'>se</span> <span class='ocrx_word' id='word_1_312' title='bbox 763 3154 956 3233; x_wconf 86' lang='lat' dir='ltr'>venientibus,</span> <span class='ocrx_word' id='word_1_313' title='bbox 981 3155 1031 3238; x_wconf 88' lang='lat' dir='ltr'>qui</span> <span class='ocrx_word' id='word_1_314' title='bbox 1049 3173 1137 3236; x_wconf 75' lang='lat' dir='ltr'>vagos</span> <span class='ocrx_word' id='word_1_315' title='bbox 1155 3159 1188 3214; x_wconf 75' lang='lat' dir='ltr'>el</span> <span class='ocrx_word' id='word_1_316' title='bbox 1206 3169 1303 3216; x_wconf 71' lang='lat' dir='ltr'>em-</span> 
     </span>
     <span class='ocr_line' id='line_1_34' title="bbox 176 3234 831 3316; baseline 0.009 -26"><span class='ocrx_word' id='word_1_317' title='bbox 176 3239 220 3290; x_wconf 84' lang='lat' dir='ltr'>tes</span> <span class='ocrx_word' id='word_1_318' title='bbox 239 3234 341 3314; x_wconf 86' lang='lat' dir='ltr'>procul</span> <span class='ocrx_word' id='word_1_319' title='bbox 361 3236 480 3316; x_wconf 75' lang='lat' dir='ltr'>quaerit,</span> <span class='ocrx_word' id='word_1_320' title='bbox 499 3241 533 3296; x_wconf 86' lang='lat' dir='ltr'>nt</span> <span class='ocrx_word' id='word_1_321' title='bbox 550 3237 581 3296; x_wconf 91' lang='lat' dir='ltr'>in</span> <span class='ocrx_word' id='word_1_322' title='bbox 600 3239 677 3298; x_wconf 76' lang='lat' dir='ltr'>viam</span> <span class='ocrx_word' id='word_1_323' title='bbox 696 3237 831 3298; x_wconf 79' lang='lat' dir='ltr'>reducet?</span> 
     </span>
     <span class='ocr_line' id='line_1_35' title="bbox 232 3311 1305 3413; baseline 0.001 -42"><span class='ocrx_word' id='word_1_324' title='bbox 232 3357 235 3368; x_wconf 71' lang='grc'>-,</span> <span class='ocrx_word' id='word_1_325' title='bbox 255 3315 304 3375; x_wconf 88' lang='grc'>38.</span> <span class='ocrx_word' id='word_1_326' title='bbox 333 3315 438 3375; x_wconf 77' lang='lat' dir='ltr'>Rodbt</span> <span class='ocrx_word' id='word_1_327' title='bbox 478 3313 589 3376; x_wconf 91' lang='lat' dir='ltr'>Nomen</span> <span class='ocrx_word' id='word_1_328' title='bbox 613 3316 669 3377; x_wconf 92' lang='lat' dir='ltr'>hoc</span> <span class='ocrx_word' id='word_1_329' title='bbox 687 3317 828 3413; x_wconf 86' lang='lat' dir='ltr'>primariis</span> <span class='ocrx_word' id='word_1_330' title='bbox 847 3314 1059 3378; x_wconf 77' lang='lat' dir='ltr'>hominibus&#39;et</span> <span class='ocrx_word' id='word_1_331' title='bbox 1076 3313 1186 3376; x_wconf 85' lang='lat' dir='ltr'>honore</span> <span class='ocrx_word' id='word_1_332' title='bbox 1205 3311 1305 3392; x_wconf 85' lang='lat' dir='ltr'>aliquo</span> 
     </span>
     <span class='ocr_line' id='line_1_36' title="bbox 129 3390 1306 3482; baseline 0 -31"><span class='ocrx_word' id='word_1_333' title='bbox 129 3471 133 3482; x_wconf 30' lang='grc' dir='ltr'>Ι</span> <span class='ocrx_word' id='word_1_334' title='bbox 175 3390 309 3472; x_wconf 80' lang='lat' dir='ltr'>praeditis</span> <span class='ocrx_word' id='word_1_335' title='bbox 329 3412 480 3454; x_wconf 89' lang='lat' dir='ltr'>commune</span> <span class='ocrx_word' id='word_1_336' title='bbox 499 3401 569 3455; x_wconf 88' lang='lat' dir='ltr'>erat.</span> <span class='ocrx_word' id='word_1_337' title='bbox 593 3394 653 3456; x_wconf 85' lang='lat' dir='ltr'>Sed</span> <span class='ocrx_word' id='word_1_338' title='bbox 668 3395 803 3457; x_wconf 80' lang='lat' dir='ltr'>hrcEvan</span> <span class='ocrx_word' id='word_1_339' title='bbox 850 3396 903 3456; x_wconf 81' lang='lat' dir='ltr'>&#39;ste</span> <span class='ocrx_word' id='word_1_340' title='bbox 916 3397 1003 3456; x_wconf 82' lang='lat' dir='ltr'>elium</span> <span class='ocrx_word' id='word_1_341' title='bbox 1013 3395 1151 3478; x_wconf 88' lang='lat' dir='ltr'>temporis</span> <span class='ocrx_word' id='word_1_342' title='bbox 1164 3393 1210 3453; x_wconf 87' lang='lat' dir='ltr'>sui</span> <span class='ocrx_word' id='word_1_343' title='bbox 1217 3411 1306 3452; x_wconf 90' lang='lat' dir='ltr'>usum</span> 
     </span>
     <span class='ocr_line' id='line_1_37' title="bbox 175 3471 1305 3554; baseline 0 -25"><span class='ocrx_word' id='word_1_344' title='bbox 175 3476 265 3545; x_wconf 80' lang='lat' dir='ltr'>notat,</span> <span class='ocrx_word' id='word_1_345' title='bbox 285 3472 364 3554; x_wconf 85' lang='lat' dir='ltr'>quod</span> <span class='ocrx_word' id='word_1_346' title='bbox 382 3473 490 3552; x_wconf 64' lang='lat' dir='ltr'>sq&#39;lioet</span> <span class='ocrx_word' id='word_1_347' title='bbox 510 3474 567 3535; x_wconf 90' lang='lat' dir='ltr'>hoc</span> <span class='ocrx_word' id='word_1_348' title='bbox 585 3477 701 3537; x_wconf 90' lang='lat' dir='ltr'>nomine</span> <span class='ocrx_word' id='word_1_349' title='bbox 719 3476 810 3536; x_wconf 82' lang='lat' dir='ltr'>salute</span> <span class='ocrx_word' id='word_1_350' title='bbox 847 3482 879 3536; x_wconf 89' lang='lat' dir='ltr'>nt</span> <span class='ocrx_word' id='word_1_351' title='bbox 897 3475 1028 3536; x_wconf 84' lang='lat' dir='ltr'>doctores</span> <span class='ocrx_word' id='word_1_352' title='bbox 1047 3493 1083 3534; x_wconf 90' lang='lat' dir='ltr'>ac</span> <span class='ocrx_word' id='word_1_353' title='bbox 1095 3473 1175 3534; x_wconf 78' lang='lat' dir='ltr'>verbi</span> <span class='ocrx_word' id='word_1_354' title='bbox 1189 3471 1247 3530; x_wconf 91' lang='lat' dir='ltr'>Dei</span> <span class='ocrx_word' id='word_1_355' title='bbox 1260 3471 1305 3529; x_wconf 87' lang='lat' dir='ltr'>in·</span> 
     </span>
     <span class='ocr_line' id='line_1_38' title="bbox 174 3549 1306 3636; baseline -0.003 -25"><span class='ocrx_word' id='word_1_356' title='bbox 174 3556 323 3632; x_wconf 81' lang='lat' dir='ltr'>tnpretcs.</span> <span class='ocrx_word' id='word_1_357' title='bbox 349 3551 474 3614; x_wconf 85' lang='lat' dir='ltr'>Tametsi</span> <span class='ocrx_word' id='word_1_358' title='bbox 493 3571 561 3636; x_wconf 86' lang='lat' dir='ltr'>ergo</span> <span class='ocrx_word' id='word_1_359' title='bbox 581 3555 729 3616; x_wconf 84' lang='lat' dir='ltr'>Christum</span> <span class='ocrx_word' id='word_1_360' title='bbox 747 3556 1053 3636; x_wconf 74' lang='lat' dir='ltr'>nondum&#39;aguoscnnt</span> <span class='ocrx_word' id='word_1_361' title='bbox 1069 3552 1187 3612; x_wconf 83' lang='lat' dir='ltr'>unicum</span> <span class='ocrx_word' id='word_1_362' title='bbox 1205 3549 1306 3609; x_wconf 84' lang='lat' dir='ltr'>Eccle-</span> 
     </span>
     <span class='ocr_line' id='line_1_39' title="bbox 175 3629 1307 3715; baseline 0 -27"><span class='ocrx_word' id='word_1_363' title='bbox 175 3630 233 3689; x_wconf 85' lang='lat' dir='ltr'>siae</span> <span class='ocrx_word' id='word_1_364' title='bbox 251 3631 432 3712; x_wconf 82' lang='lat' dir='ltr'>magistrum,</span> <span class='ocrx_word' id='word_1_365' title='bbox 453 3635 591 3694; x_wconf 87' lang='lat' dir='ltr'>commoti</span> <span class='ocrx_word' id='word_1_366' title='bbox 609 3642 706 3695; x_wconf 88' lang='lat' dir='ltr'>tamen</span> <span class='ocrx_word' id='word_1_367' title='bbox 724 3635 838 3695; x_wconf 85' lang='lat' dir='ltr'>loannis</span> <span class='ocrx_word' id='word_1_368' title='bbox 857 3633 966 3715; x_wconf 88' lang='lat' dir='ltr'>elogio,</span> <span class='ocrx_word' id='word_1_369' title='bbox 990 3633 1073 3694; x_wconf 88' lang='lat' dir='ltr'>illum</span> <span class='ocrx_word' id='word_1_370' title='bbox 1091 3629 1253 3710; x_wconf 84' lang='lat' dir='ltr'>Prophetae</span> <span class='ocrx_word' id='word_1_371' title='bbox 1271 3635 1307 3688; x_wconf 90' lang='lat' dir='ltr'>et</span> 
     </span>
    </p>
   </div>
   <div class='ocr_carea' id='block_1_9' title="bbox 34 3709 1307 3793">
    <p class='ocr_par' dir='ltr' id='par_1_10' title="bbox 34 3709 1307 3793">
     <span class='ocr_line' id='line_1_40' title="bbox 34 3709 1307 3793; baseline 0.002 -27"><span class='ocrx_word' id='word_1_372' title='bbox 34 3721 40 3734; x_wconf 68' lang='lat'><strong>¹</strong></span> <span class='ocrx_word' id='word_1_373' title='bbox 174 3709 298 3770; x_wconf 84' lang='lat' dir='ltr'>doctoris</span> <span class='ocrx_word' id='word_1_374' title='bbox 327 3712 393 3772; x_wconf 90' lang='lat' dir='ltr'>loco</span> <span class='ocrx_word' id='word_1_375' title='bbox 416 3712 530 3786; x_wconf 87' lang='lat' dir='ltr'>hahent,</span> <span class='ocrx_word' id='word_1_376' title='bbox 601 3713 741 3793; x_wconf 85' lang='lat' dir='ltr'>&#39;primus</span> <span class='ocrx_word' id='word_1_377' title='bbox 765 3721 809 3774; x_wconf 89' lang='lat' dir='ltr'>est</span> <span class='ocrx_word' id='word_1_378' title='bbox 832 3712 869 3772; x_wconf 85' lang='lat' dir='ltr'>ad</span> <span class='ocrx_word' id='word_1_379' title='bbox 887 3714 1060 3774; x_wconf 79' lang='lat' dir='ltr'>docilitatem</span> <span class='ocrx_word' id='word_1_380' title='bbox 1078 3709 1190 3792; x_wconf 68' lang='lat' dir='ltr'>gradm</span> <span class='ocrx_word' id='word_1_381' title='bbox 1247 3709 1307 3768; x_wconf 78' lang='lat' dir='ltr'>Ubt</span> 
     </span>
    </p>
   </div>
   <div class='ocr_carea' id='block_1_10' title="bbox 169 3787 1400 4512">
    <p class='ocr_par' dir='ltr' id='par_1_11' title="bbox 169 3787 1308 4110">
     <span class='ocr_line' id='line_1_41' title="bbox 169 3787 1306 3874; baseline 0.003 -30"><span class='ocrx_word' id='word_1_382' title='bbox 169 3795 291 3847; x_wconf 40' lang='lat' dir='ltr'>*maneos</span> <span class='ocrx_word' id='word_1_383' title='bbox 328 3787 394 3849; x_wconf 86' lang='lat' dir='ltr'>Hoc</span> <span class='ocrx_word' id='word_1_384' title='bbox 411 3791 544 3872; x_wconf 85' lang='lat' dir='ltr'>exemplo</span> <span class='ocrx_word' id='word_1_385' title='bbox 584 3810 708 3867; x_wconf 71' lang='lat' dir='ltr'>ornemur,</span> <span class='ocrx_word' id='word_1_386' title='bbox 727 3793 814 3852; x_wconf 84' lang='lat' dir='ltr'>talem</span> <span class='ocrx_word' id='word_1_387' title='bbox 833 3811 871 3852; x_wconf 83' lang='lat' dir='ltr'>ex</span> <span class='ocrx_word' id='word_1_388' title='bbox 891 3793 989 3874; x_wconf 85' lang='lat' dir='ltr'>primis</span> <span class='ocrx_word' id='word_1_389' title='bbox 1003 3789 1147 3852; x_wconf 80' lang='lat' dir='ltr'>Ecclesiae</span> <span class='ocrx_word' id='word_1_390' title='bbox 1160 3787 1306 3848; x_wconf 83' lang='lat' dir='ltr'>rudimen·</span> 
     </span>
     <span class='ocr_line' id='line_1_42' title="bbox 175 3863 1307 3952; baseline 0.004 -30"><span class='ocrx_word' id='word_1_391' title='bbox 175 3863 212 3923; x_wconf 83' lang='lat' dir='ltr'>tis</span> <span class='ocrx_word' id='word_1_392' title='bbox 231 3867 311 3926; x_wconf 88' lang='lat' dir='ltr'>conci</span> <span class='ocrx_word' id='word_1_393' title='bbox 331 3868 447 3930; x_wconf 82' lang='lat' dir='ltr'>tendum</span> <span class='ocrx_word' id='word_1_394' title='bbox 470 3890 533 3930; x_wconf 87' lang='lat' dir='ltr'>esse</span> <span class='ocrx_word' id='word_1_395' title='bbox 552 3869 660 3932; x_wconf 84' lang='lat' dir='ltr'>Christi</span> <span class='ocrx_word' id='word_1_396' title='bbox 682 3866 826 3951; x_wconf 80' lang='lat' dir='ltr'>gustum,¹</span> <span class='ocrx_word' id='word_1_397' title='bbox 842 3873 893 3952; x_wconf 92' lang='lat' dir='ltr'>qui</span> <span class='ocrx_word' id='word_1_398' title='bbox 915 3891 969 3934; x_wconf 87' lang='lat' dir='ltr'>nos</span> <span class='ocrx_word' id='word_1_399' title='bbox 993 3871 1030 3932; x_wconf 88' lang='lat' dir='ltr'>ad</span> <span class='ocrx_word' id='word_1_400' title='bbox 1073 3867 1218 3932; x_wconf 81' lang='lat' dir='ltr'>mlieicrrdi</span> <span class='ocrx_word' id='word_1_401' title='bbox 1242 3873 1307 3927; x_wconf 85' lang='lat' dir='ltr'>stn-</span> 
     </span>
     <span class='ocr_line' id='line_1_43' title="bbox 175 3891 1308 4030; baseline 0.003 -28"><span class='ocrx_word' id='word_1_402' title='bbox 175 3941 255 4003; x_wconf 90' lang='lat' dir='ltr'>dium</span> <span class='ocrx_word' id='word_1_403' title='bbox 273 3945 301 4003; x_wconf 90' lang='lat' dir='ltr'>in</span> <span class='ocrx_word' id='word_1_404' title='bbox 399 3955 437 4009; x_wconf 83' lang='lat' dir='ltr'>et</span> <span class='ocrx_word' id='word_1_405' title='bbox 480 3949 594 4010; x_wconf 88' lang='lat' dir='ltr'>Deinde</span> <span class='ocrx_word' id='word_1_406' title='bbox 616 3969 676 4010; x_wconf 92' lang='lat' dir='ltr'>non</span> <span class='ocrx_word' id='word_1_407' title='bbox 695 3945 797 4012; x_wconf 74' lang='lat' dir='ltr'>dehere</span> <span class='ocrx_word' id='word_1_408' title='bbox 816 3953 895 4012; x_wconf 90' lang='lat' dir='ltr'>nndo</span> <span class='ocrx_word' id='word_1_409' title='bbox 915 3957 944 4012; x_wconf 91' lang='lat' dir='ltr'>et</span> <span class='ocrx_word' id='word_1_410' title='bbox 962 3891 1085 4011; x_wconf 77' lang='lat' dir='ltr'>evanida</span> <span class='ocrx_word' id='word_1_411' title='bbox 1103 3953 1222 4030; x_wconf 89' lang='lat' dir='ltr'>aspectu</span> <span class='ocrx_word' id='word_1_412' title='bbox 1240 3965 1308 4006; x_wconf 83' lang='lat' dir='ltr'>esse</span> 
     </span>
     <span class='ocr_line' id='line_1_44' title="bbox 175 4024 1305 4110; baseline 0.002 -29"><span class='ocrx_word' id='word_1_413' title='bbox 175 4031 339 4098; x_wconf 86' lang='lat' dir='ltr'>contentos,</span> <span class='ocrx_word' id='word_1_414' title='bbox 363 4025 416 4086; x_wconf 88' lang='lat' dir='ltr'>sed</span> <span class='ocrx_word' id='word_1_415' title='bbox 437 4029 629 4110; x_wconf 84' lang='lat' dir='ltr'>expetendum</span> <span class='ocrx_word' id='word_1_416' title='bbox 648 4049 710 4090; x_wconf 88' lang='lat' dir='ltr'>esse</span> <span class='ocrx_word' id='word_1_417' title='bbox 729 4033 789 4090; x_wconf 85' lang='lat' dir='ltr'>eius</span> <span class='ocrx_word' id='word_1_418' title='bbox 809 4031 996 4107; x_wconf 88' lang='lat' dir='ltr'>domicilium,</span> <span class='ocrx_word' id='word_1_419' title='bbox 1020 4037 1055 4089; x_wconf 89' lang='lat' dir='ltr'>ut</span> <span class='ocrx_word' id='word_1_420' title='bbox 1072 4049 1126 4090; x_wconf 91' lang='lat' dir='ltr'>nos</span> <span class='ocrx_word' id='word_1_421' title='bbox 1146 4027 1182 4086; x_wconf 91' lang='lat' dir='ltr'>ad</span> <span class='ocrx_word' id='word_1_422' title='bbox 1201 4045 1232 4084; x_wconf 86' lang='lat' dir='ltr'>se</span> <span class='ocrx_word' id='word_1_423' title='bbox 1251 4024 1305 4084; x_wconf 90' lang='lat' dir='ltr'>ho-</span> 
     </span>
    </p>

    <p class='ocr_par' dir='ltr' id='par_1_12' title="bbox 173 4103 1400 4512">
     <span class='ocr_line' id='line_1_45' title="bbox 210 4103 1306 4191; baseline 0.002 -30"><span class='ocrx_word' id='word_1_424' title='bbox 210 4103 263 4162; x_wconf 88' lang='lat' dir='ltr'>ites</span> <span class='ocrx_word' id='word_1_425' title='bbox 281 4105 407 4186; x_wconf 84' lang='lat' dir='ltr'>recipiet.</span> <span class='ocrx_word' id='word_1_426' title='bbox 437 4105 512 4167; x_wconf 86' lang='lat' dir='ltr'>Sunt</span> <span class='ocrx_word' id='word_1_427' title='bbox 531 4109 608 4169; x_wconf 71' lang='lat' dir='ltr'>nim</span> <span class='ocrx_word' id='word_1_428' title='bbox 627 4111 761 4191; x_wconf 88' lang='lat' dir='ltr'>permulti</span> <span class='ocrx_word' id='word_1_429' title='bbox 779 4110 831 4191; x_wconf 89' lang='lat' dir='ltr'>qui</span> <span class='ocrx_word' id='word_1_430' title='bbox 845 4109 1033 4191; x_wconf 84' lang='lat' dir='ltr'>Evangelinm</span> <span class='ocrx_word' id='word_1_431' title='bbox 1047 4107 1149 4190; x_wconf 88' lang='lat' dir='ltr'>procul</span> <span class='ocrx_word' id='word_1_432' title='bbox 1162 4107 1306 4166; x_wconf 78' lang='lat' dir='ltr'>duntaxat</span> 
     </span>
     <span class='ocr_line' id='line_1_46' title="bbox 174 4182 1400 4266; baseline 0.005 -26"><span class='ocrx_word' id='word_1_433' title='bbox 174 4199 194 4240; x_wconf 95' lang='lat' dir='ltr'>o</span> <span class='ocrx_word' id='word_1_434' title='bbox 216 4182 325 4258; x_wconf 83' lang='lat' dir='ltr'>noiant,</span> <span class='ocrx_word' id='word_1_435' title='bbox 355 4189 443 4266; x_wconf 86' lang='lat' dir='ltr'>atque</span> <span class='ocrx_word' id='word_1_436' title='bbox 464 4188 505 4247; x_wconf 88' lang='lat' dir='ltr'>ita</span> <span class='ocrx_word' id='word_1_437' title='bbox 524 4187 622 4250; x_wconf 80' lang='lat' dir='ltr'>sinunt</span> <span class='ocrx_word' id='word_1_438' title='bbox 641 4188 788 4250; x_wconf 82' lang='lat' dir='ltr'>Christum</span> <span class='ocrx_word' id='word_1_439' title='bbox 807 4191 902 4251; x_wconf 84' lang='lat' dir='ltr'>subito</span> <span class='ocrx_word' id='word_1_440' title='bbox 921 4207 1106 4262; x_wconf 82' lang='lat' dir='ltr'>evanescere,</span> <span class='ocrx_word' id='word_1_441' title='bbox 1133 4192 1164 4247; x_wconf 91' lang='lat' dir='ltr'>et</span> <span class='ocrx_word' id='word_1_442' title='bbox 1186 4184 1307 4245; x_wconf 78' lang='lat' dir='ltr'>effluet-c</span> <span class='ocrx_word' id='word_1_443' title='bbox 1399 4251 1400 4262; x_wconf 41' lang='lat'>,</span> 
     </span>
     <span class='ocr_line' id='line_1_47' title="bbox 174 4262 1400 4350; baseline -0.001 -28"><span class='ocrx_word' id='word_1_444' title='bbox 174 4262 310 4342; x_wconf 82' lang='lat' dir='ltr'>quicquid</span> <span class='ocrx_word' id='word_1_445' title='bbox 329 4264 365 4324; x_wconf 85' lang='lat' dir='ltr'>de</span> <span class='ocrx_word' id='word_1_446' title='bbox 382 4265 447 4347; x_wconf 85' lang='lat' dir='ltr'>ipso</span> <span class='ocrx_word' id='word_1_447' title='bbox 466 4265 630 4328; x_wconf 81' lang='lat' dir='ltr'>didicerant.</span> <span class='ocrx_word' id='word_1_448' title='bbox 668 4267 844 4350; x_wconf 81' lang='lat' dir='ltr'>Quanquam</span> <span class='ocrx_word' id='word_1_449' title='bbox 863 4277 960 4331; x_wconf 79' lang='lat' dir='ltr'>antem</span> <span class='ocrx_word' id='word_1_450' title='bbox 978 4277 1051 4330; x_wconf 89' lang='lat' dir='ltr'>tunc</span> <span class='ocrx_word' id='word_1_451' title='bbox 1067 4287 1129 4328; x_wconf 90' lang='lat' dir='ltr'>non</span> <span class='ocrx_word' id='word_1_452' title='bbox 1147 4265 1307 4326; x_wconf 74' lang='lat' dir='ltr'>ductisunt</span> <span class='ocrx_word' id='word_1_453' title='bbox 1399 4283 1400 4338; x_wconf 80' lang='lat' dir='ltr'>j</span> 
     </span>
     <span class='ocr_line' id='line_1_48' title="bbox 174 4342 1305 4445; baseline 0.002 -43"><span class='ocrx_word' id='word_1_454' title='bbox 174 4343 305 4434; x_wconf 71' lang='lat' dir='ltr'>pprpetui</span> <span class='ocrx_word' id='word_1_455' title='bbox 331 4344 391 4404; x_wconf 86' lang='lat' dir='ltr'>eius</span> <span class='ocrx_word' id='word_1_456' title='bbox 412 4345 555 4426; x_wconf 75' lang='lat' dir='ltr'>dsdpuli,</span> <span class='ocrx_word' id='word_1_457' title='bbox 583 4365 643 4408; x_wconf 89' lang='lat' dir='ltr'>non</span> <span class='ocrx_word' id='word_1_458' title='bbox 666 4355 763 4411; x_wconf 84' lang='lat' dir='ltr'>tamen</span> <span class='ocrx_word' id='word_1_459' title='bbox 782 4348 900 4412; x_wconf 87' lang='lat' dir='ltr'>dubium</span> <span class='ocrx_word' id='word_1_460' title='bbox 918 4356 963 4410; x_wconf 88' lang='lat' dir='ltr'>est</span> <span class='ocrx_word' id='word_1_461' title='bbox 982 4349 1052 4445; x_wconf 89' lang='lat' dir='ltr'>quin</span> <span class='ocrx_word' id='word_1_462' title='bbox 1068 4351 1156 4408; x_wconf 80' lang='lat' dir='ltr'>nocte</span> <span class='ocrx_word' id='word_1_463' title='bbox 1173 4343 1223 4405; x_wconf 81' lang='lat' dir='ltr'>illa</span> <span class='ocrx_word' id='word_1_464' title='bbox 1242 4342 1305 4425; x_wconf 90' lang='lat' dir='ltr'>ple·</span> 
     </span>
     <span class='ocr_line' id='line_1_49' title="bbox 173 4423 1207 4512; baseline 0.009 -33"><span class='ocrx_word' id='word_1_465' title='bbox 173 4437 238 4480; x_wconf 88' lang='lat' dir='ltr'>mus</span> <span class='ocrx_word' id='word_1_466' title='bbox 256 4439 306 4482; x_wconf 87' lang='lat' dir='ltr'>eos</span> <span class='ocrx_word' id='word_1_467' title='bbox 325 4423 467 4501; x_wconf 84' lang='lat' dir='ltr'>erudierit,</span> <span class='ocrx_word' id='word_1_468' title='bbox 486 4431 521 4484; x_wconf 87' lang='lat' dir='ltr'>nt</span> <span class='ocrx_word' id='word_1_469' title='bbox 539 4427 626 4508; x_wconf 80' lang='lat' dir='ltr'>punio</span> <span class='ocrx_word' id='word_1_470' title='bbox 645 4435 713 4510; x_wconf 88' lang='lat' dir='ltr'>post</span> <span class='ocrx_word' id='word_1_471' title='bbox 730 4427 783 4490; x_wconf 85' lang='lat' dir='ltr'>sihi</span> <span class='ocrx_word' id='word_1_472' title='bbox 802 4429 915 4512; x_wconf 85' lang='lat' dir='ltr'>penitus</span> <span class='ocrx_word' id='word_1_473' title='bbox 935 4429 1065 4492; x_wconf 83' lang='lat' dir='ltr'>adductos</span> <span class='ocrx_word' id='word_1_474' title='bbox 1081 4425 1207 4488; x_wconf 69' lang='lat' dir='ltr'>haberet·</span> 
     </span>
    </p>
   </div>
   <div class='ocr_carea' id='block_1_11' title="bbox 0 0 1413 4850">
    <p class='ocr_par' dir='ltr' id='par_1_13' title="bbox 0 0 1413 4850">
     <span class='ocr_line' id='line_1_50' title="bbox 0 0 1413 4850; baseline 0 0"><span class='ocrx_word' id='word_1_475' title='bbox 0 0 1413 4850; x_wconf 95' lang='lat' dir='ltr'> </span> 
     </span>
    </p>
   </div>
  </div>
 </body>
</html>
