2742 4856
209 205 269 272 aas
333 145 337 148 ’
592 165 654 260 'aa
671 195 783 260 acra
801 195 936 260 orosa.

210 316 349 398 ascribit,
378 314 459 396 quasi
476 313 508 374 ia
526 331 613 396 opera
630 301 735 374 inerint
752 311 809 374 Dei
827 313 910 390 socii,
932 333 1022 396 mum
1038 319 1131 400 potis
1149 323 1254 384 rmican
1266 325 1296 386 ia

210 401 286 462 dant
310 397 438 457 omnium
558 394 700 476 praeclare
723 399 839 474 egeram
863 400 1016 456 auctorem.
1052 397 1171 462 Sublicit
1186 406 1295 465 continuo

208 487 276 562 post
294 476 393 550 luas,
411 493 470 555 qao
506 475 662 555 aperuisset
678 473 819 534 Dominus
838 474 969 554 gentibus
987 477 1089 538 ostium
1106 479 1180 542 lidei.
1210 477 1294 559 Quin.

89 581 94 598 ·
209 561 254 620 ris
273 559 349 618 eninr
368 553 520 634 adgentes
539 555 740 626 miralmont,
762 555 804 613 rei
821 555 919 614 ¹tamen
937 557 1048 615 novitas
1065 557 1233 621 admirah'one
1249 585 1294 624 non
1323 557 1324 564 '

69 705 74 738 ι
148 700 156 722 ¹
210 719 277 802 qur,
299 722 460 798 portentum
484 713 539 772 illis
562 721 635 786 erat,
656 714 789 794 ,impurus
808 719 837 772 et
856 710 962 774 alienos
981 733 999 775 a
1018 736 1107 797 regno
1125 715 1174 778 Da·
1188 719 1293 783 hamma

211 637 336 714 nnbat,
360 653 413 696 noc
436 633 529 694 subita
546 639 657 720 taptnm
675 633 793 694 mutatio
812 631 931 694 Iudaeos
949 635 1085 697 reddebat
1101 642 1230 699 attonim:
1253 644 1292 702 rel

210 804 307 860 uncto
326 794 425 856 semini
444 791 575 854 Abrahae
593 795 713 866 misceri,
732 799 764 852 ut
782 793 887 872 paritor
904 813 991 853 unam
1010 796 1069 856 Dei
1087 795 1223 858 Ecclesiam
1237 820 1292 862 can·

211 879 370 950 stituercut,
394 891 471 932 nunc
488 873 674 968 ipsoueveutu
688 873 854 968 clamatur,³
867 891 926 931 non
945 873 1053 970 frustra
1072 877 1125 936 illis
1142 879 1210 937 datas
1224 877 1293 940 iuius

210 957 374 1037 Apostolos.
400 951 492 1012 Porro
508 959 613 1012 usuum
631 951 697 1012 fider
715 951 991 1033 genubus-apertam
1011 953 1120 1030 dicitu,
1138 977 1190 1017 non
1206 965 1291 1019 tantun

210 1037 277 1116 qnia
295 1041 411 1096 externa
429 1049 501 1099 voca
519 1032 709 1112 praedicatum
728 1031 784 1091 illis
802 1031 884 1092 luerit
902 1027 1096 1112 drangulum,
1114 1037 1159 1095 aad
1177 1039 1234 1116 qnia
1244 1037 1292 1118 Spi-
1328 1034 1329 1110 l

193 1117 270 1176 ·rilu
289 1114 345 1174 Dei
358 1112 536 1210 'illuminatae
555 1111 706 1171 efficaciter
724 1111 760 1170 ad
782 1107 867 1170 iidem
886 1119 1006 1208 vocatae
1024 1115 1085 1173 sint
1111 1117 1232 1212 Aper-itm
1248 1119 1294 1197 qni

209 1188 1006 1412 lallffllatlattll‘ltsltltltatlt
1027 1197 1296 1348 lllttllall
1329 1204 1330 1280 l

208 1357 285 1416 inlus
303 1373 321 1413 a
357 1351 443 1432 piritu
460 1349 606 1446 uelatur..
621 1347 698 1430 Ergo
717 1349 753 1408 ab
772 1349 875 1410 effecta
890 1349 1077 1448 demonstrat
1087 1352 1184 1448 Paulam
1196 1361 1222 1412 el
1236 1354 1295 1448 llar-
1330 1376 1331 1418 l

207 1428 702 1594 ltltpllltttlllllttt
719 1435 1295 1592 ltlatllullttlta'llt
1331 1546 1332 1568 r

207 1610 314 1732 guma
331 1585 694 1748 rppemalrhlmpsurpp’aulm
712 1589 837 1670 loquitur
856 1589 893 1649 ad
911 1587 997 1652 Rom.
1017 1593 1083 1670 (16,
1097 1595 1155 1672 ¹25.)
1171 1597 1199 1650 ct
1213 1609 1298 1651 oecon

243 1691 259 1730 o
278 1691 295 1732 a
359 1688 420 1731 ono
457 1716 463 1732 .
520 1711 529 1747 ,
570 1712 577 1729 .
596 1711 605 1729 .

425 1939 432 1944 ’
535 1957 991 2058 carurxu

296 2177 326 2244 1.
369 2173 412 2243 Et
443 2174 586 2268 quidam,
620 2173 674 2266 qui
707 2173 929 2242 descenderant
961 2197 979 2239 a
1012 2171 1143 2254 iudaea,
1179 2173 1301 2240 docebant
1335 2228 1336 2250 1

205 2285 331 2368 iratres,
364 2283 425 2350 uisi
456 2281 749 2350 circumciderentur
780 2279 957 2348 secundum
989 2281 1091 2347 ritum
1122 2277 1232 2361 Masis,
1256 2302 1304 2344 non

204 2414 300 2482 posse
333 2388 438 2456 salvos
470 2387 545 2455 lieri.
590 2393 621 2457 2.
649 2386 757 2472 Quum
789 2395 999 2452 autem.orta
1021 2381 1119 2454 esset
1145 2386 1257 2466 seditio,
1281 2393 1304 2450 el
1336 2398 1337 2430 ff

205 2487 388 2585 disceptatio
411 2515 478 2560 non
498 2493 620 2560 modica
642 2491 740 2563 Paulo
769 2501 801 2559 et
822 2490 983 2560 Barnabae
1010 2503 1128 2560 contra
1154 2515 1221 2575 eos,
1248 2489 1304 2557 ordi

204 2591 318 2668 darunt
338 2609 375 2665 ut
395 2598 512 2666 Paulus
534 2609 566 2664 ct
587 2598 760 2682 Barnabas,
785 2607 819 2664 'et
841 2597 967 2688 quidam
995 2598 1047 2664 alii
1071 2622 1117 2668 ex
1139 2599 1212 2690 ipsis
1229 2619 1304 2663 asora

204 2705 312 2772 darent
348 2703 389 2769 ad
421 2701 593 2793 Apostolos
630 2713 663 2770 ct
700 2702 902 2793 Presbyteros
940 2701 1205 2796 Hierosolymam
1235 2725 1304 2792 saper

202 2810 386 2900 quaestione
408 2805 477 2874 hac.
524 2808 556 2881 3,
583 2807 631 2875 Ac
657 2807 701 2876 illi
729 2809 856 2900 quidem
883 2808 971 2876 missi
997 2810 1036 2877 ab
1065 2809 1208 2880 Ecclesia
1231 2819 1302 2874 urus

200 2917 312 2992 ierunt.
324 2911 506 2982 Phoenicen
534 2924 566 2981 ct
587 2911 776 3000 Samariam,
804 2927 963 2984 narrantes
985 2919 1227 2984 conversionem
1242 2913 1304 2978 Gen

201 3021 301 3103 tium,
344 3029 377 3088 et
413 3018 583 3088 attulerunt
620 3021 769 3112 gaudium
787 3096 789 3100 y
809 3035 960 3114 magnum
993 3023 1150 3090 omatibus
1184 3020 1305 3088 fratribus

200 3125 232 3197 4.
268 3127 378 3215 Quum
404 3137 511 3194 autem
532 3127 691 3219 venissent
711 3125 896 3210 Ierusalem,
928 3127 1056 3218 excepti
1075 3127 1207 3196 fuerunt
1226 3127 1257 3193 ab
1273 3147 1307 3190 ee·

205 3234 299 3304 clesia
327 3244 360 3302 ct
380 3223 543 3326 Apostolis
570 3244 603 3302 ct
623 3231 830 3324 Presbyteris,
863 3256 900 3300 ac
920 3233 1104 3300 nuntiarunt
1127 3253 1309 3324 quaecumque

198 3341 313 3414 ieeemt
333 3337 423 3408 Deus
455 3363 528 3407 curn
560 3338 645 3430 ipsis.
690 3339 721 3405 5.
743 3338 956 3415 surrexerunt
987 3349 1094 3406 autem
1131 3332 1256 3430 quidm
1279 3357 1308 3402 ex

198 3457 283 3516 secta
314 3444 568 3545 Pharisaeorum,
605 3445 659 3536 qui
692 3443 899 3532 crediderant,
940 3441 1078 3512 diceutes
1112 3443 1208 3536 quod
1238 3465 1310 3535 opor·

197 3562 277 3620 teret
305 3552 482 3621 circumcidi
508 3552 609 3643 ipsus,
638 3560 676 3634 ¹et
701 3533 884 3618 annuntiare
906 3549 1091 3618 servandam
1114 3574 1192 3619 esse
1213 3548 1309 3640 Legem

196 3657 306 3727 Musis.

276 3847 303 3903 1.
344 3837 443 3919 Quam
462 3837 567 3898 Paulus
596 3843 627 3899 et
651 3835 794 3899 Barnabas
823 3839 907 3900 variis
931 3837 1034 3920 pugnis
1058 3844 1160 3899 contra
1187 3835 1313 3920 proiectu

195 3918 342 4002 Evangelii
365 3921 460 3979 hostes
486 3926 599 3977 strenue
625 3917 880 3992 dalmatiarum,
903 3919 961 3978 ianr
981 3937 1094 3977 narrare
1113 3919 1220 4000 incipit
1239 3914 1312 3975 Luras

195 3999 349 4059 domestico
369 3999 444 4057 bello
464 3997 550 4057 inissa
570 4004 703 4058 tentatos.
737 3995 780 4058 lta
800 4001 928 4080 oportuit
947 3997 1038 4057 niudis
1057 3997 1194 4058 omnibus
1216 3993 1314 4080 probari

193 4095 294 4136 eorunm
314 4079 471 4136 doctrinam
490 4083 520 4136 ct
539 4077 738 4149 ministerium,
757 4097 815 4158 quo
836 4077 937 4137 melius
957 4083 1098 4136 constaret
1112 4077 1254 4136 divinitus
1267 4091 1314 4133 esar

192 4155 346 4212 instructos
376 4163 477 4214 contra
506 4173 604 4215 omnes
630 4153 752 4216 Satanae
782 4163 811 4216 ct
835 4157 933 4216 mundi
956 4157 1086 4216 insultas.
1125 4153 1234 4235 Neque
1253 4155 1313 4213 enin

191 4229 317 4307 vulgaria
337 4232 445 4302 accedit
463 4251 563 4294 eornm
583 4235 726 4294 doctrinae
745 4233 932 4309 confirmatio,
952 4235 1030 4316 quad
1044 4243 1089 4295 tol
1102 4235 1245 4295 machinis
1261 4251 1315 4292 cor·

190 4325 273 4366 cuasa
301 4305 481 4368 nihilominus
505 4315 629 4394 steterit,
657 4313 864 4396 nco‚abrumpi
883 4318 1008 4398 poluerit
1027 4321 1069 4375 tot
1088 4311 1249 4374 obstaculis
1266 4313 1316 4370 eins

189 4401 297 4460 camur.
336 4383 558 4463 laqueemur
591 4393 621 4452 in
650 4391 727 4454 hanc
751 4391 838 4456 linem
862 4394 1011 4477 magnilica
1037 4395 1182 4476 praedicat
1201 4411 1235 4456 sc
1254 4391 1315 4450 ioris
