2742 4856
81 329 308 392 consentaneum,
327 339 415 402 quam
433 327 472 382 ut·
486 323 678 402 superstiones
698 323 768 382 istae
787 320 884 384 locum
900 319 1041 384 habeant:
1066 326 1142 385 ursule
1162 347 1204 386 se·

81 408 191 486 quitor,
213 422 259 540 εἲ)
267 399 880 540 Ezausge‘l‘iimffllutrrrisssffiaee'lluinsasers'dtipsuug
898 423 978 542 i'thu
1036 401 1135 545 niuali)
1143 427 1205 500 pes.

80 501 333 626 ffiffieilissgpirt
356 526 527 640 permanire
551 503 705 620 servorun?
720 501 956 622 inimisiolienirilt
975 503 1123 626 mima:
1137 505 1207 644 effi

81 643 131 702 bus
151 641 242 701 verbis
261 640 397 702 admonet
415 637 467 698 hoa
488 639 574 700 luisse
595 647 707 700 mutum
727 639 885 705 ministros.
906 642 957 722 qui
977 641 1103 704 Dorsum
1123 665 1203 724 prae·
1316 707 1327 714 ,

79 722 200 782 buerunt
222 740 307 782 suum
331 718 512 799 obsequium,
541 720 628 780 luisse
653 721 722 796 veui
742 721 822 782 illum
844 729 1005 796 auctorem,
1037 724 1088 803 qui
1107 742 1206 784 eorum

78 819 164 940 &rili
188 805 218 860 et
231 818 341 938 l‘ipmb
353 819 420 938 ususs
434 807 495 894 est.
542 796 641 896 ⁸Quare
654 801 964 896 „proprie-loquendo,
981 823 1052 898 ‘aqu
1081 801 1206 884 dicemus

79 899 130 1040 pi
158 887 376 1032 uiinii¹2⁰i⁹
391 898 492 1016 etti
511 879 796 1022 ”titii-riti?
810 881 1208 1040 attinttttttttlt

80 1039 253 1134 Notandum·
271 1044 413 1120 praeterea
436 1037 583 1118 Evangelii
607 1039 730 1119 elogium
755 1039 833 1119 quod
858 1038 905 1098 hie
928 1042 1011 1120 ponit
1033 1039 1141 1114 Lucas,
1174 1047 1207 1100 ut

80 1119 161 1213 nobis
180 1138 282 1258 magus*¹
292 1117 412 1213 amabile
430 1117 570 1256 nfidultsutur.
609 1115 779 1256 §ermorlrlem
799 1120 875 1256 enicas
894 1122 999 1198 gratiae
1017 1120 1206 1210 vocanssua-

79 1217 303 1337 titttnt'tt
319 1217 519 1337 stitit
536 1200 1206 1358 tt⁰tltttt⁰t¹t⁰ngtltiit‘tttt

77 1359 153 1416 nitur
175 1358 236 1416 sola
262 1357 428 1418 maledictio.
473 1355 684 1416 Meminerimus
708 1376 776 1436 ergo
801 1358 842 1419 in¹
857 1357 934 1416 hunc
954 1355 1041 1416 linem
1059 1355 1155 1416 Deum
1175 1359 1205 1416 in

74 1433 228 1515 Evangelio
250 1436 331 1495 uubis
351 1436 444 1514 loqui,
467 1443 501 1496 ut
520 1455 550 1496 se
570 1436 651 1502 uobis
671 1435 834 1518 reconciliet
852 1433 887 1496 ac
906 1437 1062 1516 propitium
1082 1437 1144 1496 ess'e
1164 1445 1204 1495 te-

74 1522 171 1575 stetur.
216 1513 280 1576 Nec
299 1513 394 1575 obstat
411 1516 488 1595 quod
508 1515 634 1594 reprobis
654 1515 726 1574 odor
745 1523 788 1574 est
806 1517 906 1574 mortis
926 1517 956 1576 iu
975 1521 1112 1587 mortem,
1138 1517 1206 1594 q'uia

73 1595 134 1654 eius
162 1604 297 1656 naturam
325 1596 395 1656 vitio
425 1613 478 1654 suo
502 1615 560 1654 nou
589 1599 709 1654 mutant.
758 1593 806 1654 De
831 1580 917 1676 siguis
936 1601 967 1656 et
985 1593 1121 1676 prodigiis
1140 1593 1205 1676 lege

74 1693 147 1754 quae
168 1675 294 1736 diximus
314 1675 405 1755 eapite
425 1674 559 1732 secundo.

151 1755 179 1816 4.
200 1759 309 1816 Dictae
328 1763 370 1814 eat
389 1753 554 1814 mititudo.
574 1745 712 1832 Sequitur
730 1769 808 1812 nunc
826 1757 948 1812 catastro
969 1751 1015 1825 he,
1035 1753 1113 1831 qnod
1132 1753 1206 1814 scin·

72 1831 149 1894 ditur
178 1834 314 1922 induas
338 1841 433 1914 partes
453 1834 565 1892 civitas:
595 1839 625 1892 et
644 1830 759 1892 tandem
778 1829 887 1890 Paulus
906 1839 936 1890 et
950 1774 1097 1892 &ornabas
1136 1831 1207 1890 lebis

73 1914 200 1974 tumultu
220 1917 313 1974 coacti
333 1913 390 1972 alio
409 1911 565 1972 discedunt.
605 1909 638 1970 Si
658 1912 804 1990 quaeritur
824 1911 903 1990 origo
923 1909 1039 1984 dissidit
1058 1908 1096 1970 'cx
1110 1851 1206 1968 Euan·

72 1994 147 2133 inesto
178 2001 258 2054 certe
282 1995 421 2054 manavitz
452 1993 498 2052 eui
522 1999 618 2052 tamen
640 1991 711 2050 nihil
737 1989 826 2068 magis
851 1989 1026 2048 contrarium
1050 1995 1092 2046 est
1118 2005 1205 2067 quam

92 2059 230 2134 'scordias
251 2093 365 2153 parere,
384 2071 433 2132 seri
453 2071 522 2132 facit
541 2071 689 2130 hominum
709 2071 850 2148 pravitas,
870 2073 903 2128 ut
921 2063 1107 2147 Evangelium
1128 2065 1208 2146 quod

70 2156 190 2217 unitatis
211 2155 359 2214 vinculum
378 2172 440 2214 esse
461 2151 604 2220 debuerat
624 2149 743 2208 simulac
762 2145 1039 2226 inmediumprodit,
1059 2143 1208 2209 turbarum

70 2235 107 2292 sit
128 2235 258 2294 occasio:
279 2252 368 2314 quare
387 2231 437 2298 ubi
456 2229 579 2292 schisma
599 2228 713 2308 aliquod
732 2223 869 2365 οιιιοιέἰιξ
879 2234 1031 2304 antequam
1041 2224 1208 2284 damnemus
1270 2239 1274 2250 ’

69 2315 122 2391 qui
142 2314 280 2374 videnlur
299 2331 360 2372 esse
379 2317 520 2385 auctores,
539 2309 694 2390 prudenter·
712 2326 805 2388 expeu
825 2327 873 2366 ere
891 2307 972 2366 decet
986 2305 1032 2364 oui
1041 2303 1208 2383 imputanda

68 2396 106 2452 sit
137 2396 235 2473 culpa.
267 2377 425 2451 *nummus
444 2389 491 2449 hic
510 2389 610 2448 urbem
629 2401 716 2448 uuam
736 2387 886 2446 schismate
906 2383 992 2443 luisse
1006 2383 1139 2458 divisam,
1169 2403 1207 2442 ex
1305 2377 1310 2384 ’

68 2493 131 2552 quo
159 2487 229 2552 pars
249 2470 343 2550 aliqua
363 2470 399 2530 ad
419 2467 566 2528 Christum
585 2467 706 2528 adducta
726 2473 779 2526 est.
799 2463 863 2524 Hoc
902 2464 1047 2524 renuntiat
1067 2459 1124 2520 Dei
1143 2459 1207 2542 Spi-

66 2553 145 2612 ritus
166 2555 199 2609 iu
217 2549 346 2623 laudem,
365 2569 422 2608 non
441 2549 471 2608 iu
491 2548 628 2630 probrum
650 2545 728 2606 Pauli
749 2543 821 2606 etB
910 2562 951 2604 ae.
991 2539 1100 2601 Eadem
1121 2541 1206 2612 hodia

68 2629 319 2714 quoqueregula
343 2629 462 2690 tenenda
487 2636 545 2702 est,
573 2647 609 2688 ne
633 2625 703 2685 salsa
728 2625 832 2684 invidia
855 2629 989 2706 gravetur
1013 2619 1210 2703 Evangelium‚
1244 2624 1249 2634 ⁴

68 2717 95 2772 si
122 2731 187 2773 non
208 2729 305 2770 onmes
326 2711 431 2790 pariter
450 2709 486 2768 ad
507 2696 603 2768 Deum
622 2707 745 2778 arlducit,
765 2705 814 2764 sed
834 2701 958 2785 improbi
979 2709 1077 2762 contra
1098 2701 1207 2762 tumul,

65 2799 204 2855 tuantur.
223 2787 357 2850 liiserum
378 2789 493 2868 quidem
512 2795 564 2861 est,
585 2787 714 2846 homines
733 2785 805 2846 alios
824 2782 860 2844 ab
880 2783 941 2843 aliis
952 2782 1057 2843 divisos
1077 2799 1208 2842 eernere:

67 2889 178 2932 verum
203 2869 288 2930 sicuti
310 2870 460 2930 maledicta
485 2869 655 2941 minuitas,
681 2883 755 2946 quae
774 2883 827 2924 uos
847 2881 946 2924 omnes
966 2882 983 2921 a
1003 2859 1066 2921 Deo
1086 2865 1208 2942 separat,

66 2955 108 3013 ita
130 2957 262 3034 praesint
280 2952 386 3012 centies
405 2949 604 3008 discessionem
624 2965 641 3004 a
659 2952 722 3004 toto
742 2944 849 3004 mundo
868 2960 977 3024 paucos
996 2939 1098 3014 iacere,
1119 2947 1147 2998 et
1166 2939 1207 2998 in-

67 3035 156 3094 terim
178 3031 271 3106 redire
290 3049 356 3090 eum
375 3029 440 3089 Deo
460 3031 491 3087 iu
510 3029 640 3107 gratiam,
660 3043 749 3104 quam
769 3031 803 3084 ut
821 3029 992 3104 perpetuum
1012 3039 1078 3080 eum
1097 3039 1132 3080 eo
1153 3018 1208 3078 dis-

68 3115 180 3174 sidium
204 3109 339 3172 habentes
359 3107 458 3170 muudi
477 3125 578 3188 pacem
596 3103 744 3164 redimant
997 3127 1003 3132 ·

164 3323 199 3388 5.
244 3319 354 3405 Quum
388 3326 494 3384 autem
521 3313 621 3380 iaetus
649 3317 734 3378 esset
761 3309 898 3400 impetus
919 3305 1069 3374 Gentium
1100 3313 1134 3374 ct
1158 3304 1210 3372 iu·

69 3431 247 3510 dacorum,
280 3448 343 3492 una
366 3446 439 3492 cum
461 3442 574 3488 eorum
596 3415 801 3508 plincipibus,
833 3413 873 3480 ad
895 3411 962 3479 vim
983 3411 1059 3502 ipsis
1080 3411 1211 3479 inierea-

69 3537 166 3616 dam,
201 3541 234 3598 et
261 3554 317 3602 eos
345 3527 547 3619 lapidandost
591 3523 622 3590 6.
645 3521 693 3590 Re
721 3519 860 3612 cognita,
893 3517 1040 3609 fugerunt
1062 3516 1093 3581 in
1115 3517 1210 3584 urbes

67 3639 274 3732 Lycaoniae,
308 3636 456 3727 [lystram
491 3642 524 3700 et
544 3629 688 3710 Derbeu,
720 3637 753 3695 et
778 3625 941 3718 regionem
967 3621 1107 3712 undique
1136 3621 1211 3687 vici-

68 3771 169 3817 nam:
216 3745 248 3836 7.
269 3743 374 3836 Atque
395 3740 440 3808 ibi
462 3735 723 3828 evangelizabant.
769 3734 800 3804 8.
822 3732 959 3818 Quidam
981 3739 1088 3797 autem
1110 3727 1210 3795 homo

69 3855 165 3947 apud
193 3849 326 3943 Lystros
353 3847 482 3917 sedebat
510 3833 620 3934 captus
642 3842 790 3934 pedibus,
823 3839 878 3930 qui
900 3837 1029 3906 claudus
1051 3833 1152 3901 sumat
1173 3829 1212 3898 ab

68 3973 172 4030 utero
205 3957 313 4032 rustris
345 3979 437 4037 suae,
463 3968 568 4041 neque
598 3967 738 4040 unquam
760 3941 982 4014 ambulaverat.
1026 3938 1057 4008 9.
1079 3937 1140 4008 Hic
1161 3961 1214 4006 au-

69 4054 156 4136 divit
185 4064 320 4132 Paulum
352 4062 551 4151 loquentem:
580 4056 635 4144 qui
664 4079 738 4122 eum
759 4054 904 4134 intuitus,
938 4061 970 4118 et
991 4046 1102 4116 viciens
1125 4048 1213 4138 quod
1275 4110 1279 4123 ,

68 4175 176 4242 iidem
209 4172 354 4252 haberet,
391 4189 427 4236 se
458 4163 582 4232 salumn
621 4160 703 4241 lore,
761 4161 812 4227 10.
846 4157 936 4227 Dixit
978 4177 1056 4222 voce
1089 4177 1213 4244 magua,

68 4279 184 4370 Surge
206 4301 301 4372 super
322 4274 421 4370 pedes
440 4271 516 4338 ¹tuos
539 4277 652 4335 rectus.
696 4265 750 4334 lile
784 4275 888 4332 autem
913 4257 1064 4344 exsilivit,
1097 4263 1130 4330 et
1151 4281 1216 4364 aun-s

69 4387 216 4454 balabat.

99 4493 211 4536 emna-
225 4495 247 4536 ι.
262 4495 318 4536 ιιι..
336 4493 393 4534 rus
409 4492 470 4531 ru..
491 4489 526 4530 ιιι.
972 4453 1011 4524 18
