2754 4864
566 243 753 309 emmau
1158 195 1217 318 >203

115 381 184 431 narn
205 359 249 421 ias
275 358 321 420 sit.
361 355 439 418 Nihil
461 365 496 420 ut
519 359 576 421 iam
602 361 660 422 dixi
679 363 779 424 minus'
793 357 891 424 liabnit
908 329 1101 504 propositum
1130 387 1218 448 ιιιιιιιι

124 462 160 504 eo
184 442 293 521 eripere
340 439 472 518 uicqnam
496 441 540 507 sui
564 439 694 517 honoris,
724 449 758 502 ut
775 445 836 504 eius
856 447 953 526 spo'is
971 445 1116 508 bominem
1135 465 1218 506 oma-

91 531 152 584 ret:
176 519 226 581 sed
250 516 299 579 nbi
318 458 598 581 bominis'ndorutio
621 523 744 582 mixtum
767 523 852 583 babet
875 531 905 584 et
924 525 1091 606 implicitum
1111 527 1147 586 ali
1189 527 1218 586 'd

93 623 160 664 cum
184 599 240 660 Dei
261 595 388 670 honore,
409 599 507 680 statim
528 599 632 661 vitium
654 609 768 683 praeter
788 613 872 684 'spem
897 609 927 665 et
950 606 1111 686 opinionem
1136 626 1154 666 o
1175 611 1230 664 re:

90 682 149 764 pit,
177 687 322 760 utsupra
349 675 507 738 humanum
532 679 649 760 gradum
673 681 811 742 evehatur
833 684 883 763 qui
906 683 1007 744 colitur
1028 686 1058 745 in
1083 683 1139 744 Dei
1167 685 1218 744 bo-

90 781 202 822 norem.
229 755 380 895 'Pqpistae
402 756 451 817 illa
476 756 775 825 distinetioneomissa
793 763 952 824 membrum
972 765 1109 824 mmet
1127 785 1218 825 unum

38 861 45 878 ·
91 842 241 922 arripiunt.
307 854 353 896 am
373 837 434 896 sola
458 836 588 916 religiosa
607 841 735 902 adoratio
753 843 827 902 inter
845 849 1065 904 contractatur:
1085 847 1218 926 einspar-

92 929 169 996 tem‚
192 925 227 978 ut
246 935 311 977 cum
329 915 453 976 honesto
473 917 569 996 aliquo
588 927 738 1002 praetextu
757 922 885 982 derivem
903 923 940 983 ad
959 931 1111 998 creaturas,
1129 925 1158 983 in
1178 925 1218 983 la-

94 1002 192 1072 triam,
212 993 316 1056 duliam
334 1001 364 1055 et
383 995 581 1078 hyperduliam
600 1007 704 1060 secant.
723 998 762 1061 Et
773 1002 885 1062 latriam
899 1003 1014 1082 quidem
1028 1011 1156 1064 asserunt
1168 1004 1220 1062 nni

95 1079 174 1152 Deo,
193 1077 251 1138 acsi
268 1075 392 1136 dicerent
411 1075 605 1139 adorationem
623 1081 715 1140 cultus
734 1081 775 1140 1111
795 1082 849 1142 soli
868 1082 971 1142 deberi.
1016 1083 1219 1145 Adoralionem

97 1157 192 1230 dudae
209 1157 398 1239 promiscuam
416 1157 538 1215 mortuis
557 1163 586 1217 et
610 1177 708 1219 eorum
734 1160 859 1235 ossibus,
879 1163 977 1222 statuis
996 1169 1025 1223 et
1043 1163 1159 1244 picturis
1177 1161 1219 1222 ia·

98 1241 186 1300 ciunt.
228 1235 561 1316 Hyperduliam'virgini
579 1235 686 1298 Mariae
707 1243 739 1298 et
763 1242 840 1300 eruci
858 1243 887 1300 in
908 1261 964 1322 qua
983 1242 1118 1324 pependit
1136 1241 1220 1302 Obri-

96 1325 160 1379 stus
183 1317 332 1396 assignant.
376 1314 417 1374 Ut
434 1320 543 1374 taceam
562 1317 664 1398 puerili
683 1319 791 1382 inscitia
810 1319 875 1380 illo's
914 1323 1015 1397 unire,
1078 1313 1219 1402 btusqnis-

94 1417 160 1539 e
174 1343 1222 1562 eertterntterei

292 1517 302 1550 ‚
731 1521 738 1537 ο

116 1576 187 1617 rava
205 1555 403 1636 superstitione
420 1552 541 1615 inlectos
560 1562 589 1616 et
607 1565 757 1638 corruptos
767 1577 857 1618 essen
878 1565 960 1633 ornet,
979 1581 1068 1641 quum
1078 1565 1221 1618 crentrnas

51 1683 55 1690 .
130 1656 166 1697 en
188 1635 395 1696 inconsiderate
418 1641 579 1715 aggregent.
624 1635 682 1696 Sed
700 1637 748 1697 bic
766 1657 825 1698 non
873 1640 912 1698 cit
928 1637 1035 1714 Lucas,
1058 1638 1223 1699 Cornelium
1249 1642 1253 1650 “

95 1717 211 1778 latriam
229 1713 389 1775 exhibuisse
401 1711 508 1796 ¹Petro:
526 1715 650 1796 genmdi
668 1723 780 1777 tanturn
793 1717 974 1778 Adoratiouis
991 1720 1106 1780 nomine
1125 1720 1224 1793 utitur,

96 1803 130 1857 et
152 1795 230 1856 uddit
252 1793 340 1855 fuisse
363 1799 461 1854 tamen
483 1794 698 1876 reprehensum,
727 1797 795 1877 quia
818 1817 968 1879 perperam
990 1797 1135 1858 bominem
1157 1797 1224 1879 plus
1268 1814 1271 1822 ·

95 1879 175 1939 insto
193 1874 314 1934 efferret.
353 1871 440 1935 Cute
459 1875 484 1934 si
501 1873 598 1936 locum
616 1874 732 1936 haberet
754 1883 863 1936 norum
886 1877 963 1938 istud
986 1877 1088 1960 dogma
1113 1875 1149 1936 de
1173 1877 1225 1936 dn·

96 1957 155 2017 lies
172 1953 346 2026 adoratione,
364 1973 481 2016 monere
499 1953 634 2016 debuerat
653 1953 755 2016 Petrus
775 1955 1005 2032 Constemus
1024 1958 1098 2018 ultra
1117 1955 1225 2016 duliam

98 2034 279 2118 procederet.
323 2031 383 2097 Sed
407 2036 473 2116 quia
491 2035 571 2096 nulla
588 2017 732 2110 adoratio'‚
756 2037 804 2096 cui
821 2036 919 2118 religio
939 2055 1049 2096 annexa
1068 2041 1113 2094 est
1131 2054 1166 2096 ae
1184 2034 1225 2094 di-

99 2116 163 2176 vini
181 2115 297 2178 honoris
309 2112 626 2194 respectusfinnetum
644 2113 710 2176 Deo
729 2113 862 2196 relinquit
881 2135 965 2176 suum
983 2115 1136 2198 honorem,
1155 2133 1226 2194 quo·

98 2214 216 2335 bffie
231 2193 350 2333 tanorllerpl
367 2195 483 2334 nominate
501 2195 715 2352 tergaturqimqllqo
735 2195 993 2336 baqunafirsatione
1012 2201 1161 2332 ronteqitgs
1180 2199 1227 2254 est

98 2294 322 2424 loannebuqbam
345 2293 398 2414 101111
399 2294 490 2414 (11111ιιι
513 2295 602 2414 iuibsnd
624 2295 866 2436 ριιῑειιῐῗκιιιῃὲ,18
885 2292 1227 2416 ῒιιξιωῗεξᾛῖῑιιιιιάῗ

102 2433 169 2515 gelo
189 2433 361 2493 tribueret‘t·
449 2453 465 2494 e
484 2433 554 2494 nibil
572 2435 650 2494 aliud
669 2435 705 2494 ad
721 2435 850 2532 angeBa
888 2436 1027 2496 rationem
1045 2453 1111 2493 cum
1135 2433 1233 2512 impu-

102 2515 148 2587 lit,
168 2530 254 2592 quam
272 2513 356 2572 nimia
384 2519 414 2572 et
431 2521 613 2595 praepostera
632 2522 802 2588 reverentia,
831 2523 861 2575 et
886 2515 1001 2596 quidem
1019 2515 1049 2573 in
1063 2507 1119 2572 Dei
1138 2511 1228 2571 bono·

104 2611 171 2652 rena
189 2593 269 2650 cuius
287 2593 374 2674 gloria
393 2593 423 2651 in
441 2594 543 2674 angelo
562 2594 703 2674 fulgebat:
727 2595 877 2656 damnatur
899 2593 1082 2655 nibilominus
1106 2593 1168 2652 eius
1186 2591 1228 2652 ia-

106 2678 198 2742 ctum.
241 2667 315 2752 Ergo
334 2679 367 2732 ut
385 2670 450 2732 Deo
475 2671 552 2752 quod
576 2694 660 2736 sunm
683 2665 728 2736 est'
750 2675 898 2758 reddutqr,
921 2673 1074 2757 spiritualis
1092 2671 1229 2748 adoratio,

103 2751 155 2812 uui
173 2749 270 2813 subest
287 2752 400 2834 religio,
419 2753 525 2813 intacta
543 2753 584 2814 illi
603 2761 724 2815 maneat.

186 2834 235 2895 28.
280 2834 341 2892 Vos
364 2841 471 2904 nonas,
499 2843 532 2894 at
550 2836 607 2917 sus
629 2859 690 2898 non
713 2841 763 2895 sit.
800 2831 922 2894 Videtur
939 2851 1042 2930 parum
1059 2833 1149 2893 amica
1168 2849 1232 2892 esse

126 2910 261 2996 raeintio,
289 2917 320 2970 et
343 2930 417 2991 quae
441 2911 557 2973 illorum
580 2915 689 2976 animos
708 2921 857 2998 exasperet
875 2931 965 2992 magis
984 2933 1071 2994 quarn
1089 2913 1230 2986 coaeter,

102 2933 176 3061 dum
205 3011 237 3052 se
265 2995 324 3050 tam
343 2991 470 3071 impuros
497 2988 596 3054 baberi
625 2979 758 3064 audiunt,
786 2999 819 3052 ut
848 2990 1031 3054 cosuetutino
1053 3012 1105 3052 sua
1125 2999 1154 3052 et
1173 2992 1231 3052 col·

104 3069 208 3151 loquio
232 3059 344 3130 'sanctos
368 3071 511 3150 polluant,
540 3073 618 3151 quod
641 3073 720 3154 gravi
745 3073 773 3132 iu
798 3091 848 3131 eos
874 3072 1044 3130 contumelia
1066 3091 1126 3130 non
1145 3078 1231 3130 caret.

104 3151 219 3214 Verum
238 3148 341 3210 Petrus
364 3151 393 3210 in
418 3149 497 3210 hunc
520 3151 637 3212 modum
662 3149 782 3231 praelati
805 3169 919 3209 necesse
942 3148 1054 3224 habuit,
1081 3169 1118 3209 ne
1141 3151 1232 3209 melae

108 3231 296 3291 eonscientiae
320 3235 481 3312 suspectum
504 3250 571 3291 eum
593 3229 748 3304 haberent,
780 3229 858 3310 quod
881 3235 981 3288 contra
1004 3247 1114 3287 morem
1138 3227 1232 3304 aPa-

108 3309 201 3370 tribus
223 3309 359 3373 traditum
383 3311 464 3394 quasi
488 3310 558 3392 legis
581 3315 761 3390 contemptor
783 3309 914 3368 venisset
960 3306 1058 3385 Quum
1077 3314 1173 3367 auteur
1193 3307 1234 3366 ‹li-

107 3388 217 3450 vlnltus
237 3409 272 3457 ¹se
296 3391 414 3464 missum
437 3389 575 3464 aiiirrnat,
602 3389 713 3452 sublata
736 3394 832 3448 estne
850 3393 968 3468 purgata
988 3385 1126 3447 eiusmodi
1145 3386 1234 3524 suspi·

108 3471 183 3531 cion
211 3467 395 3550 Addegquod
412 3469 618 3544 'offensionem
649 3487 722 3550 quae
747 3489 784 3528 ex
807 3467 896 3528 veteri
916 3468 993 3536 ,inter
1016 3472 1114 3546 gentes
1138 3471 1167 3526 et
1204 3485 1235 3524 u·

108 3551 199 3610 dacos
218 3543 332 3617 dissidio
351 3550 465 3610 illorum
485 3550 585 3610 animis
602 3550 660 3610 iem
678 3548 829 3621 insidebat,
852 3547 959 3628 optime
983 3547 1094 3626 mitigat
1111 3543 1156 3606 bis
1174 3565 1236 3606 rer-

108 3631 171 3704 bis‚
200 3635 233 3691 ut
261 3629 354 3710 aptius
384 3649 443 3690 uon
493 3631 595 3690 otuerit
624 3629 744 3690 orationi
778 3647 847 3688 suae
876 3627 984 3688 adibam
1016 3626 1118 3686 lacere.
1163 3623 1238 3686 Nam

112 3709 165 3790 qui
192 3708 329 3770 hactenus
358 3651 496 3769 immundi
524 3708 614 3790 habiti
641 3711 767 3782 inerant,
796 3712 858 3768 eos'
874 3727 952 3768 nunc
976 3706 1098 3787 punitate
1117 3705 1244 3766 donatos'

113 3808 177 3928 qpse
204 3791 386 3930 pronuqrtiistgl
411 3795 444 3886 ut
471 3791 528 3930 inqu
547 3809 613 3850 cum
637 3791 741 3930 sqpiotiks
754 3789 923 3929 αιίιὲιιίιιθειπιεὶῑι
938 3783 991 3882 illis
1011 3786 1238 3924 cpmmupeicqlio.

142 3888 208 3928 orro
255 3890 292 3930 uo
349 3891 368 3930 u
388 3889 444 3930 aeis
468 3888 547 3930 nens
572 3889 635 3932 esse
689 3891 718 3930 ιι
889 3889 919 3928 es
942 3887 971 3926 ιιι
1041 3888 1065 3941 ι,
1093 3885 1168 3926 seru
1191 3885 1239 3925 um

113 3955 172 4022 est,
197 3889 256 4012 nob
281 3957 341 4010 tem
364 3971 401 4010 ex
426 3947 501 4032 Lege
526 3950 583 4012 boc
606 3951 701 4010 liciam
714 3891 875 4028 ,qnamgex
898 3885 1094 4017 obsergrbetione
1112 3943 1239 4005 Petrum.

112 4025 255 4088 vetuerat
283 4028 399 4110 quidem
426 4027 521 4106 Deus,
549 4051 586 4091 ne
615 4051 646 4091 se
670 4029 805 4110 coniugiis
833 4034 883 4111 aut
910 4025 1069 4086 foederibus
1102 4023 1241 4106 illigareut

113 4105 250 4188 (Denter.
269 4108 305 4187 7,
331 4109 487 4183 3)=·simul
510 4111 601 4176 vesci.
630 4117 680 4171 aut
703 4111 863 4170 eommunia
885 4109 961 4169 vitae
986 4107 1098 4186 negotio
1121 4112 1242 4166 tractare

113 4207 260 4268 nusquam
288 4187 517 4270 prohibebantur.
548 4189 620 4250 -Sed
648 4210 684 4252 ne
708 4185 881 4272 frequentior
904 4206 973 4247 usus
996 4187 1043 4246 vel
1066 4186 1241 4262 necessitudo
1307 4185 1310 4200 '
1374 4227 1375 4262 3

117 4267 155 4329 nd
178 4267 209 4327 id
229 4268 308 4360 quod
327 4269 446 4341 vetitum
465 4277 525 4332 erat
542 4268 620 4352 ipsos
638 4271 776 4343 alliceret,
794 4263 929 4338 traditum
948 4286 966 4327 u
984 4263 1115 4326 Patribus
1134 4283 1244 4331 morem
1374 4263 1375 4290 ¹

118 4347 285 4428 servabam,
314 4369 354 4422 ne⁴
386 4349 455 4430 quid
489 4349 625 4410 haberent
653 4351 871 4412 consuetudinis.
919 4346 974 4407 Hie
1003 4345 1146 4428 disputare
1174 4343 1244 4404 nibil
1374 4393 1375 4438 q

119 4429 241 4506 attinet‚'
265 4437 366 4489 an'ea
394 4427 508 4492 uaditio
532 4431 716 4492 conscientias
740 4418 863 4513 ligaret?
881 4437 974 4510 neme
992 4428 1068 4487 enim
1086 4425 1189 4485 Petrds
1206 4440 1248 4484 ex·
1374 4451 1375 4482 ι
