2700 4844
454 168 584 236 cesus
601 169 731 234 xxvi,
792 251 796 260 ι
1091 173 1152 240 465

27 285 127 368 quihus
145 285 258 348 hadom
276 290 307 348 et
323 285 456 367 plausum
474 289 563 348 totius
580 287 680 370 populi
698 285 791 350 luerat
809 286 937 385 adeptus.
966 284 1037 350 Ideo
1055 294 1086 350 et
1104 309 1152 352 ue-

27 368 86 428 lum
104 387 196 442 suam,
215 385 301 446 quem
321 366 369 426 alii
386 364 496 462 honora
514 367 766 463 prosequebantnr,
783 368 908 429 insamae
927 367 1153 430 damuat'Unde

27 452 148 528 apparet,
168 465 255 527 quam
273 445 374 541 putida
383 451 421 506 ut
434 465 534 508 eorum
547 447 672 523 ambitio,
692 469 764 528 quos
779 449 943 545 simpliciter
956 449 1040 510 lateri
1053 448 1151 528 pudet,

27 529 49 586 si
68 526 134 607 quid
153 545 205 607 per
223 526 362 586 inscitiam
380 531 411 586 et
427 543 555 586 errorem
573 527 730 608 perosum:
749 546 879 608 murs
897 528 974 588 enim
991 547 1050 588 non
1069 548 1151 609 pror·
1240 541 1243 560 ¹

27 627 73 666 sus
95 612 244 678 excusent,
273 611 429 666 extenuare
453 611 549 666 tamen
573 613 623 668 ant
645 607 742 668 lucare
761 627 795 668 eu
814 613 968 682 conantur,
997 607 1032 671 in
1047 607 1151 688 quibus

27 685 186 765 suppliciter
210 705 276 746 cunr
299 703 431 744 moerore
454 691 483 744 et
505 685 628 746 lacrimis
651 687 764 748 veniam
787 687 898 768 precari
920 689 1000 768 ipsos
1024 685 1150 748 decebat.

27 765 113 844 Atqui
129 763 252 839 Paulus,
270 770 360 844 quunt
378 763 499 825 retinere
523 771 619 844 posset
638 767 746 828 cordati
764 765 887 828 hominis
905 765 1024 840 famam,
1045 767 1150 826 mania·

27 863 89 903 cum
111 863 143 904 se
165 843 253 904 fuisse
271 849 399 904 testatur.
438 841 471 903 ld
490 847 566 905 enim
585 843 637 904 sihi
656 846 718 906 vult
736 848 915 928 participium
935 847 1013 927 quod
1032 866 1085 906 usu
1121 853 1152 905 at

27 921 113 982 husus
131 918 347 999 (ἕμμαινᾲιιενοᾳ
363 941 392 981 v.
403 923 467 997 11),
486 923 565 1004 quod
582 923 690 986 multos
706 924 901 1007 blasphemare
910 925 1057 1006 compulit.
1106 927 1153 986 'c
1242 931 1243 935 ’

27 999 213 1080 agnoscimus,
238 998 323 1059 luisse
346 1001 376 1060 in
401 1002 469 1082 ipsis
494 1004 582 1064 etiam
607 1005 781 1066 credentium
799 1007 931 1086 primitiis
949 1006 1054 1066 multas
1073 1005 1151 1085 quis-

27 1082 131 1160 quilias,
151 1098 240 1158 ([ιιιιιι
260 1079 412 1159 discipulos
432 1079 541 1142 Christi
558 1082 688 1178 professi,
706 1092 785 1146 metu
805 1085 907 1146 deinde
924 1085 1006 1145 fracti
1025 1091 1075 1144 aut
1088 1101 1151 1144 ver·

27 1159 143 1233 heuhus,
162 1177 220 1218 uon
240 1158 325 1218 modo
344 1158 546 1242 abnegaverint
562 1182 671 1243 ipsum,
690 1164 741 1224 sed
761 1166 847 1225 etiam
866 1183 947 1225 sacro
967 1165 1028 1224 eius
1041 1163 1150 1224 nomini

27 1237 230 1298 maledixeriuts
250 1255 413 1320 quanquam
430 1241 493 1322 ipsa
511 1261 563 1324 per
581 1262 613 1304 se
629 1241 778 1325 abnegatio
805 1251 932 1306 atrocem
946 1241 1152 1324 blasphemium

27 1319 153 1378 mutiret.
644 1345 647 1354 »

99 1401 145 1460 13.
164 1399 224 1460 Dis
243 1399 351 1472 medio,
376 1401 454 1461 Reor.
493 1399 558 1462 Huc
583 1407 692 1482 spectat
714 1401 855 1478 narratio,
878 1405 912 1463 nt
930 1401 1066 1498 inlelligat
1084 1400 1151 1464 Rex
1188 1479 1191 1486 ,

27 1476 146 1558 hgrippa
169 1497 229 1536 non
247 1479 331 1538 inane
350 1476 437 1538 luisse
456 1487 615 1574 spectrum,
638 1500 693 1542 uec
711 1483 799 1544 talem
818 1482 905 1542 fuisse
924 1490 1056 1557 ecstasin,
1076 1500 1150 1562 quae

27 1558 121 1616 nentis
148 1557 297 1616 sanitatem
322 1557 370 1616 vel
398 1557 534 1618 iudicium
562 1559 603 1618 illi
632 1561 759 1640 eriperet
805 1559 946 1638 Quamvis
970 1563 1046 1623 euim
1070 1568 1151 1626 mctn

27 1633 164 1696 serculsns
182 1633 212 1692 iu
231 1640 334 1694 terram
353 1635 502 1710 ceciderit,
528 1637 687 1698 distinctam
711 1647 807 1700 tamen
826 1640 904 1698 audit
922 1660 1037 1702 vocem
1053 1641 1150 1702 inter·

27 1711 102 1794 rogat
120 1714 249 1793 quietam
269 1714 417 1793 loquatur,
437 1735 604 1797 responsum
624 1717 702 1797 qnod
722 1719 806 1776 datur
824 1719 958 1798 percipit:
978 1739 1052 1800 quae
1071 1713 1174 1798 signa'

27 1800 85 1854 tunt
103 1796 205 1852 munds
224 1795 407 1873 compositae.
420 1793 506 1855 'llius
524 1796 653 1876 sequitur
671 1817 732 1858 non
749 1803 857 1856 temero
876 1797 1015 1867 variasse,
1034 1797 1084 1856 sed
1104 1799 1152 1876 pia

27 1879 172 1953 numaque
195 1874 323 1953 paruisse
347 1874 463 1935 coelesti
487 1874 620 1952 oraculo,
644 1895 682 1938 ne
704 1875 837 1938 consulto
861 1874 973 1936 rebellis
997 1873 1063 1934 Deo
1081 1893 1151 1950 ,ossa

27 1973 71 2014 ser
90 1959 157 2012 eret.

27 2025 30 2034 ’
71 1974 146 2093 ὅ16.
172 2035 232 2094 sed
249 2055 408 2116 exsurgere
426 2042 455 2096 et
473 2043 521 2094 stu
560 2032 720 2096 Prostravit
739 2033 869 2096 Christus
881 2031 1013 2110 'Paulum
1032 2038 1065 2092 nt
1084 2051 1151 2094 eum

27 2112 197 2172 rumiliaret:
235 2133 312 2174 nuuc
335 2135 402 2174 eum
425 2113 520 2194 erigit,
549 2133 584 2175 ac
607 2115 687 2175 iubet
711 2113 787 2176 bono
808 2133 870 2174 csse
889 2113 994 2174 animo.
1033 2112 1078 2172 Ao
1097 2132 1151 2172 nos

27 2193 103 2251 etiam
131 2192 192 2251 cius
220 2211 293 2254 voce
320 2193 352 2252 in
380 2193 457 2254 hunc
486 2193 573 2255 finem
598 2191 724 2276 quotidie
749 2195 908 2267 deiicimur,
937 2200 971 2252 ut
989 2192 1152 2260 erudiamur

27 2271 54 2330 td
78 2271 257 2332 modestiam:
297 2272 348 2332 sed
372 2291 445 2353 quos
470 2273 585 2348 deiecit,
616 2293 687 2334 mox
710 2275 830 2334 comiter
853 2271 990 2348 snhlevat.
1029 2269 1068 2331 Et
1091 2291 1152 2330 uon

27 2351 142 2430 uulgaris
174 2356 219 2410 est
248 2351 303 2410 ista
333 2353 507 2426 consolatio,
536 2373 628 2434 quum
657 2369 688 2412 se
716 2353 765 2414 illc
792 2353 956 2434 apparuisse
984 2351 1152 2432 pronuntiat

27 2429 148 2490 Jhrtstus
177 2449 236 2489 non
265 2431 402 2506 ultorem,
438 2433 487 2510 qui
517 2452 640 2512 poenam
669 2433 765 2514 exigat
794 2432 829 2492 dc
857 2432 919 2496 cim
948 2431 1085 2502 amentia,
1116 2427 1152 2488 da

27 2507 180 2570 yerherr’bus
209 2510 312 2570 iniusta
341 2516 370 2572 et
399 2511 550 2571 crudeliter
574 2513 703 2584 iullictis,
733 2511 769 2571 dc
798 2511 982 2592 sanguinariis
1007 2508 1152 2568 sententiis

27 2589 62 2650 el
87 2586 214 2649 exhibita
232 2589 337 2648 sanetis
356 2591 499 2668 molestia,
525 2590 561 2652 de
581 2591 667 2672 impia
685 2587 766 2651 Euan
787 2589 1078 2670 eliioppugnatione,
1102 2585 1153 2646 sed

27 2668 172 2747 tropitium
196 2664 370 2744 Dominum,
400 2671 449 2750 qui
472 2671 533 2730 eius
558 2689 644 2752 opera
669 2671 712 2730 uti
735 2611 819 2743 vadit,
846 2676 878 2730 at
901 2669 1017 2749 quidem
1037 2667 1152 2726 honori·
1203 2723 1207 2732 ,

27 2749 72 2807 ico
106 2746 261 2808 ministerio
296 2747 434 2828 dignetur.
492 2749 648 2810 Constituit
681 2750 757 2810 enim
790 2751 885 2829 ipsum
917 2755 1021 2808 testem
1051 2764 1152 2806 eorum
1237 2767 1265 2797 κ

27 2844 91 2907 [uae
110 2825 196 2900 vidit,
223 2832 254 2886 et
272 2845 345 2906 quae
363 2835 463 2908 postea
482 2831 595 2892 visurus
614 2836 666 2890 est.
705 2828 785 2890 Haec
803 2831 861 2890 iam
879 2825 1070 2888 memorabilis
1091 2830 1153 2884 crat

27 2907 104 2979 risio,
136 2924 174 2965 ex
204 2924 265 2985 qua
293 2906 428 2968 didicerat
458 2907 604 2968 Christum
633 2909 664 2968 in
689 2908 774 2968 coelo
804 2925 935 2987 regnare,
963 2927 1001 2968 ns
1031 2905 1153 2984 amplius

27 2991 149 3046 »rotense
167 2984 251 3044 illum
267 2992 472 3058 contemneret,
492 2987 543 3046 sed
561 2991 727 3066 agnosceret
745 2983 916 3045 DoiFilium
935 2991 964 3045 et
980 2985 1154 3064 promissum

27 3063 251 3202 ὶιιιὶὃιιιρῑοιιιιιιᾖ
300 3063 381 3124 Alias
400 3093 402 3098 ·
420 3070 522 3144 postea
559 3065 747 3126 revelationes
781 3063 897 3139 habuit,
935 3064 1019 3123 aienti
1052 3062 1154 3122 recitat

27 3143 48 3202 l.
97 3161 139 3200 or.
160 3144 199 3202 12
255 3184 262 3200 .
538 3141 543 3150 '

94 3221 143 3284 17.
164 3182 302 3301 Er'tpteus
325 3228 355 3281 ta
377 3243 398 3282 u
419 3223 538 3304 populo.
581 3219 638 3283 llic
661 3227 787 3284 armatur
812 3226 911 3282 contra
932 3238 1031 3282 omncs
1049 3225 1154 3292 metuo

54 3301 64 3361 i
93 3319 163 3361 eum
192 3299 358 3376 manebant,
392 3306 422 3360 et
450 3303 535 3362 simul
563 3309 748 3383 praeparatur
777 3303 814 3361 sd
843 3303 934 3362 crucis
963 3301 1153 3361 tolerantiam.

27 3322 117 3460 ςιιιιιιιι
135 3386 232 3442 tamen
255 3399 325 3440 mox
344 3378 483 3456 subiiciat,
502 3379 655 3442 venturum
673 3401 736 3448 esse
754 3378 891 3456 Paulum,
915 3386 950 3440 nt
968 3395 1070 3442 coecos
1088 3379 1152 3438 ittu-

27 3462 117 3536 ninet,
142 3466 176 3520 ut
199 3460 361 3526 reconciliet
384 3458 450 3521 Deo
474 3461 524 3541 qui
547 3461 662 3522 alienati
686 3461 722 3522 ab
746 3462 809 3542 ipso
829 3459 958 3534 fuerant,
982 3478 1017 3520 ac
1034 3458 1152 3540 perditis

27 3541 135 3601 alutem
160 3540 304 3616 restituat,
333 3540 438 3600 ιιιίιιιιιι
462 3547 505 3601 est
529 3560 581 3611 cur
603 3553 664 3603 non
682 3542 768 3602 etiam
787 3541 850 3602 iore
868 3539 1029 3622 promittat,
1057 3544 1092 3598 ut
1109 3538 1151 3598 vi·

27 3622 109 3680 isaim
137 3619 205 3680 lacti
235 3625 264 3680 et
295 3617 424 3682 inventes
451 3639 518 3681 eum
550 3619 708 3702 excipiant,
737 3620 901 3701 quicunque
919 3626 980 3680 tam
999 3617 1152 3700 praeclaris
1178 3647 1185 3650 ·
1238 3697 1242 3704 Ι

27 3698 157 3760 ueneficiis
197 3697 304 3759 fuerint
336 3700 438 3760 affecti.
482 3697 592 3760 Verum
621 3699 668 3759 hic
696 3707 812 3760 notatur
840 3699 941 3760 muudi
969 3696 1152 3779 ingratitudo,

27 3781 80 3858 [uia
108 3779 186 3837 vitae
205 3785 338 3854 aeternae
358 3777 494 3838 ministris
514 3781 684 3839 contrariam
713 3799 829 3860 prorsus
857 3773 1031 3856 mercedem¹
1044 3791 1144 3856 repen-

27 3865 74 3931 iat,
100 3858 183 3916 sicuti
201 3857 358 3937 phrenetici
382 3857 507 3920 medicos
532 3879 604 3918 suos
624 3859 765 3920 hostiliter
787 3861 938 3939 impetunt.
960 3859 963 3862 ’
983 3855 1021 3914 Et
1045 3872 1148 3914 mone·

27 3957 60 3996 nr
78 3934 205 4010 Paulus,
225 3956 397 4018 quocunque
418 3937 526 3996 venerit
545 3957 678 4019 magnam
697 3956 797 3998 eorum
816 3944 940 4018 partem,
960 3934 1064 4014 quihus
1084 3953 1150 4014 pro·

27 4034 93 4076 ¹esso
119 4013 256 4088 studeliit,
284 4016 346 4076 lore
371 4015 423 4079 sihi
443 4015 591 4086 infestam,
620 4023 654 4077 ut
672 4019 790 4078 mitium
809 4015 996 4082 machinetur.
1036 4011 1150 4074 Diserte

27 4102 108 4156 utem
132 4095 267 4175 exponit,
291 4114 323 4154 se
348 4102 408 4155 tum
432 4094 563 4176 gentibus
588 4111 676 4176 quam
701 4095 810 4158 ludaeis
836 4095 1007 4156 dmhnatum
1026 4111 1088 4154 esse
1107 4099 1150 4151 te·

27 4181 98 4250 tem,
128 4193 166 4234 no
195 4173 249 4232 sihi
279 4173 349 4234 vilio
379 4181 520 4253 vertatur,
550 4177 629 4256 quod
653 4177 779 4256 utrisque
803 4175 965 4255 promiscue
997 4189 1149 4232 commune

27 4255 79 4314 ecit
98 4251 297 4334 Evangelium:
337 4271 404 4314 nam
432 4247 500 4316 hinc
528 4261 588 4318 hm
617 4254 791 4317 virulentum
810 4251 920 4332 ,odium
945 4252 977 4315 iu
996 4271 1062 4314 sum
1081 4269 1150 4314 eom
1210 4315 1219 4344 ἱ

40 4347 148 4392 calvinus
161 4348 187 4394 ir
199 4349 257 4393 trev.
270 4341 332 4393 hosts
344 4349 407 4392 Tou.
420 4344 463 4395 lta
792 4335 833 4398 30
