2786 4866
560 211 689 280 carru
707 215 757 279 ιι.
1099 190 1101 212 “
1175 229 1184 240 ·

82 361 141 403 ces.
183 337 300 434 lrerlter
318 339 417 396 tener
435 327 511 393 hane
527 339 640 414 partem
659 335 786 416 attingit,
806 339 840 397 ιιι
858 335 912 397 sihi
931 337 1082 400 transitum
1094 338 1138 402 -ad
1158 225 1224 402 calu1

84 441 148 483 m
166 418 352 562 lllullotseoe
370 499 413 555 stt
429 493 517 554 codis.
556 489 684 571 Poterat,
703 496 778 558 sicut
795 496 854 556 lam
872 497 942 572 dixi,
960 495 1064 559 Petrus
1083 498 1120 560 ad
1135 501 1225 562 multa

84 578 259 658 mhtcmgia
284 575 453 648 deflectere,
481 573 508 632 si
530 573 669 662 nolrrisset
692 576 723 638 iu
747 595 863 637 causam
881 578 1006 659 ingredi,
1035 577 1087 638 sed
1106 581 1174 659 quia
1193 583 1225 642 iu

83 662 161 722 huuc
188 657 277 718 linem
302 655 413 716 emtum
438 652 533 713 fuerat
556 655 739 732 miraculum,
768 663 802 717 nt
826 657 1016 719 illustraretur
1040 657 1149 718 Christi
1173 679 1224 720 no·

82 759 162 813 mon,
192 737 253 798 huc
277 736 374 796 statim
396 731 553 794 desomdit.
597 732 713 796 Sciebat
735 738 812 797 enim
838 755 869 796 se
893 743 953 798 tam
978 740 1139 819 praeclarae
1167 738 1223 802 Dei
1275 785 1283 816 ,

82 819 200 882 stantis
219 817 311 876 luisse
330 815 503 888 ministrans,
522 819 556 874 ut
575 814 698 896 agilum
718 813 834 878 haberet
853 816 1064 878 confirmandas
1084 837 1152 879 snae
1173 819 1223 880 do·

82 901 202 960 enimc.
244 895 355 956 luteres
372 899 514 974 eoguntur
532 893 631 955 andire
649 897 730 978 impii
749 897 828 980 quod
846 899 960 977 penitus
979 899 1125 980 sepultum
1145 899 1223 960 vole-

83 979 165 1040 hant.
199 975 359 1044 Proficiunt
375 991 434 1034 uns
453 974 481 1032 in
500 992 533 1033 re
552 973 660 1051 solnm,
680 980 775 1038 omnia
794 975 984 1038 machinando
1003 985 1036 1038 ut
1054 979 1109 1038 illis
1129 980 1159 1038 in
1181 979 1222 1040 la·

84 1061 163 1120 ciem
182 1055 297 1116 obiiciat
314 1061 343 1114 st
360 1059 467 1114 ecerat
483 1051 600 1128 Petrus,
620 1055 698 1136 qnod
716 1063 776 1116 tam
794 1058 909 1137 indigne
928 1055 1056 1118 ferebant
1076 1059 1221 1119 aliisresse

86 1139 208 1198 damn.
246 1133 345 1194 Primo
369 1139 465 1194 antem
483 1131 630 1194 Christum
656 1137 786 1196 miraculi
810 1143 956 1198 auctorem
981 1137 1057 1197 lacit.
1098 1135 1222 1214 Deinde,

87 1217 158 1298 quia
177 1214 330 1276 absurdum
354 1221 385 1274 et
407 1211 569 1272 incredibile
591 1213 754 1290 ridelntur,
783 1223 932 1276 mortuum
955 1216 1102 1278 hominem
1125 1219 1222 1278 diviua

86 1296 221 1436 rra
234 1293 932 1452 scanderentur
949 1294 1221 1437 ιιιιιιι

421 1415 431 1448 ,
932 1419 940 1434 0

84 1451 292 1538 praedimndue
311 1451 419 1514 Christi
438 1454 652 1514 rerurrectionis
670 1454 712 1514 illi
727 1457 850 1516 xoccasio·
874 1461 927 1514 est
967 1453 1033 1514 lloc
1057 1462 1153 1516 autem
1178 1447 1220 1516 te-

83 1535 218 1596 stimonio
258 1532 362 1594 rohare
381 1533 472 1592 voluit
489 1531 607 1608 Petrus,
633 1534 728 1616 ipsum
752 1553 815 1595 esse
838 1553 939 1594 verum
959 1533 1102 1596 Messinm.
1144 1538 1220 1596 Chu-

82 1618 209 1696 eryim
283 1614 340 1674 illis
359 1619 573 1687 commemorat,
591 1633 651 1674 non
670 1620 782 1674 tantum
801 1614 992 1694 exprobrandi
1012 1621 1145 1675 causant
1159 1615 1220 1674 cul:

82 1711 151 1776 pam
170 1699 335 1776 agnum,
355 1693 407 1753 sed
425 1699 458 1752 ut
474 1693 635 1774 intelligant
654 1713 685 1754 se
699 1694 804 1754 husim
814 1713 955 1774 pugnasse
965 1693 1101 1760 adversus
1110 1693 1218 1770 Deum,

84 1781 174 1854 atque
190 1777 232 1834 ita
250 1773 399 1834 iuleliolter
416 1779 446 1834 et
465 1773 571 1834 exitiali
590 1780 695 1834 eventu
715 1768 810 1834 lurcro
829 1774 966 1838 desinant.

165 1857 213 1916 11.
253 1857 310 1914 llic
327 1863 371 1914 est
389 1855 475 1934 lupis.
515 1852 675 1912 Confirmat
693 1853 857 1934 scripturae
881 1854 1045 1912 testimonio
1069 1872 1129 1913 non
1154 1873 1216 1914 esse

81 1953 194 1996 nem
218 1933 295 2012 quod
319 1932 463 1994 Proclesiac
486 1934 645 2014 praesules,
675 1935 725 2013 qui
754 1931 909 2014 splendidis
933 1933 1023 1992 titulis
1047 1953 1081 1991 su
1102 1932 1217 1996 morunt

80 2021 112 2075 et
129 2015 254 2096 primam
273 2011 369 2073 sedem
393 2033 465 2073 occu
522 2019 536 2073 t
557 2015 590 2074 in
613 2015 722 2094 templo
742 2011 812 2088 Dei,
840 2013 928 2091 impio
951 2018 1050 2072 taurea
1094 2011 1217 2074 hristum

78 2095 238 2155 ιιιίωειίιιι.
277 2091 357 2154 Citat
462 2031 559 2154 πω
584 2111 621 2154 ex
640 2092 756 2153 Psalmo
776 2095 849 2166 118,
875 2096 936 2153 12:
961 2091 1011 2150 uhi
1030 2091 1217 2172 conqueritur
1271 2119 1292 2158 ¹,

79 2173 177 2234 David
196 2191 228 2235 se
246 2193 264 2234 a
282 2172 384 2255 populi
459 2171 521 2234 'hus
539 2174 677 2235 reiectum
695 2191 772 2250 esse,
791 2177 936 2232 ettamen
955 2189 972 2230 a
991 2169 1057 2231 Dea
1077 2189 1109 2230 se
1129 2170 1219 2243 luisse

80 2255 203 2316 electum
232 2255 384 2336 gloriatum,
414 2255 465 2334 qui
492 2253 599 2335 primas
627 2259 745 2314 teneret.
795 2251 887 2312 Porro
918 2251 1020 2310 usitata
1049 2248 1218 2330 metaphora

79 2333 242 2396 Ecclesiam
271 2333 319 2393 vel
342 2334 421 2414 regni
450 2339 556 2393 statum
579 2333 708 2394 aedificio
732 2338 889 2413 comparat.
934 2329 996 2408 Qui
1024 2329 1225 2414 gubernacula.

81 2421 182 2475 tenent
205 2431 258 2474 eos
284 2419 367 2473 vocat
393 2411 582 2474 Amhitcctos.
631 2413 672 2474 Se
701 2433 770 2474 vero
799 2411 966 2494 primarium
995 2410 1119 2491 lapidem
1147 2409 1217 2470 lacit

123 2513 145 2553 o
162 2494 273 2553 nitatur
289 2498 350 2552 tola
367 2493 487 2554 aedilicii
510 2491 610 2570 mules.
651 2493 683 2554 ld
707 2494 784 2554 enim
809 2491 863 2552 sibi
891 2491 954 2550 vult
983 2489 1080 2570 Caput
1109 2489 1213 2570 auguill.

99 2591 165 2668 ‘aee
183 2573 272 2668 igitur
288 2577 338 2668 'est
358 2570 478 2633 Davidla
502 2575 674 2648 consolatio,
704 2573 784 2670 quod
807 2579 959 2666 utcunque·
972 2557 1131 2666 'damnatus
1155 2569 1215 2628 luc·

81 2652 820 2814 ffhtdttttttttttttutttt
835 2649 993 2804 ttlld?
1008 2650 1216 2810 ξῗἭῗΡ

79 2815 110 2873 ὶιι
130 2815 258 2894 primum
283 2813 402 2873 honoris
419 2813 546 2894 ¹gradum
569 2832 586 2874 a
610 2812 676 2874 Deo
702 2813 796 2874 fuerit.
836 2811 928 2892 Atqui
956 2809 1167 2876 adumbratum,
1184 2809 1215 2868 la
1317 2845 1321 2852 ·

79 2893 193 2954 Davide
213 2893 269 2953 luit
288 2893 369 2974 quod
387 2891 472 2954 Deus
488 2893 618 2954 ahsolnte
642 2895 673 2954 in
697 2891 800 2954 ltlessia
824 2891 946 2974 exprimi
973 2888 1095 2952 volebat.
1137 2888 1215 2970 Apte

78 2976 175 3054 daque
193 2969 314 3047 Petrus,
333 2972 403 3032 duur
422 2971 499 3054 apud
517 2973 636 3034 ludaeos
655 2973 744 3033 verba
761 2973 843 3046 lacit,
868 2973 925 3030 hoc
944 2969 1058 3032 adducit
1076 2975 1221 3048 tanqhaut

79 3055 115 3113 de
135 3051 253 3114 Christo
273 3051 465 3134 praedictum,
490 3054 574 3114 sicuti
597 3053 628 3112 in
646 3071 713 3112 eum
736 3071 790 3132 pro
811 3053 853 3110 rie
876 3055 1041 3128 competere
1064 3053 1214 3108 noverant.

79 3133 223 3194 Tenemus
242 3151 320 3194 nuuc
338 3147 478 3216 quorsum
497 3134 601 3192 citatus
624 3130 713 3191 luerit
737 3149 755 3190 a
804 3136 867 3189 etro
891 3128 1035 3188 Psalmua:
1065 3145 1103 3187 uc
1131 3126 1215 3185 Pres-

80 3213 179 3308 bpteri
197 3213 301 3274 scilicet
319 3221 351 3274 et
373 3213 545 3274 Sacerdotes
569 3211 680 3271 honore
704 3229 757 3270 suo
784 3216 889 3270 temere
912 3207 979 3268 clati
1008 3207 1052 3266 ius
1082 3212 1112 3266 et
1141 3205 1212 3264 arhi-
1288 3239 1291 3248 ·

80 3300 171 3352 turum
199 3292 335 3372 probandi
364 3289 477 3375 quidvis
505 3291 553 3351 vel
581 3289 760 3373 improbandi
788 3288 842 3348 sihi
870 3305 934 3347 arro
954 3293 1043 3362 arent.
1094 3283 1221 3346 Constat

78 3373 160 3434 enim
179 3367 303 3451 lapidem
326 3375 377 3454 qui
401 3373 439 3433 ab
463 3371 624 3433 architectis
649 3369 814 3454 repudiatus
837 3367 906 3441 luit,
935 3307 993 3426 laci
1016 3383 1105 3424 mauu
1129 3362 1216 3424 statui

78 3455 110 3512 in
131 3452 230 3534 primo
253 3451 330 3516 loco.
358 3460 392 3513 nt
411 3459 504 3514 totam
524 3453 642 3512 domum
661 3451 806 3510 sustineat
846 3445 949 3520 Porro,
968 3445 1025 3504 hoc
1044 3463 1104 3503 non
1125 3443 1218 3502 semel

78 3539 195 3592 tautum
214 3533 329 3608 accidit,
355 3533 409 3594 ssd
433 3532 561 3614 quotidie
580 3529 692 3614 impleri
711 3533 839 3611 oportet,
868 3526 969 3590 saltem
989 3543 1098 3586 uorum
1117 3529 1147 3582 et
1167 3522 1215 3582 ah·

78 3612 201 3672 surdum
220 3616 328 3674 censeri
346 3631 405 3674 nou
425 3612 523 3686 dehet,
553 3612 579 3672 si
600 3629 677 3671 nnnc
702 3627 818 3694 quoque
836 3605 986 3667 architecti
1004 3603 1151 3664 Christum
1171 3619 1214 3664 ro·

79 3693 188 3752 titiant
228 3691 311 3754 Unde
329 3694 425 3775 palam
443 3691 583 3752 refellitur
605 3689 707 3751 frivola
731 3687 828 3769 Papae
850 3685 999 3758 iactantia,
1028 3683 1078 3764 qui
1103 3681 1215 3743 nudum

80 3772 199 3831 titulum
217 3771 354 3848 obiectat,
372 3781 406 3832 ιιι
425 3773 478 3832 sihi
498 3777 616 3852 usurpet
635 3768 772 3850 quicquid
789 3774 835 3828 est
853 3765 970 3826 Christi.
1009 3762 1050 3824 Ut
1068 3759 1165 3844 Papae
1185 3767 1216 3820 et

80 3851 211 3924 cornutis
227 3853 289 3912 eius
310 3852 406 3914 hestiis
425 3852 526 3928 demus
546 3850 625 3932 quod
649 3849 811 3931 postulant,
839 3864 943 3926 nempe
968 3843 1126 3903 ordinarios
1150 3849 1217 3904 esse

78 3927 226 3992 Ecclesiae
247 3938 393 4014 pastores,
421 3951 482 3994 non
505 3931 583 3992 ultra
606 3927 878 4070 proepredi‘tmdem
903 3929 1042 4006 poterunt
1064 3939 1157 4002 quam
1182 3927 1216 4016 pl

77 4017 221 4072 voceotur
239 4011 389 4074 architecti
407 4033 473 4074 cum
492 4011 578 4072 Anna
596 4017 626 4071 et
671 4008 764 4090 alpha.
804 4006 928 4066 Planum
957 4009 1053 4068 autem
1077 4007 1120 4063 cat
1145 3999 1218 4082 quud

77 4091 177 4151 valcat
195 4091 243 4152 hic
262 4093 378 4167 titulus,
408 4110 495 4174 quem
518 4093 561 4152 illi
584 4090 622 4150 ad
644 4091 758 4150 coelum
775 4093 869 4148 terrae
889 4083 1065 4144 miscendum
1083 4080 1216 4146 sufficere

76 4177 192 4252 putant
233 4171 295 4234 lum
315 4193 353 4236 ex
373 4172 515 4234 hocloco
535 4171 697 4230 summatim
716 4168 857 4248 quaedam
876 4169 979 4226 notatu
998 4164 1082 4244 digna
1102 4161 1216 4240 colliga·

77 4269 154 4312 mus.
195 4249 286 4330 Quod
305 4257 460 4314 architecti
480 4256 618 4312 vocantur
637 4250 687 4330 tpri
706 4247 850 4308 Ecclesiae
873 4249 1023 4384 praesunt,
1051 4263 1155 4304 nomen
1175 4243 1217 4378 ip-

80 4349 146 4392 sam
166 4349 218 4392 eos
238 4331 328 4393 officii
347 4335 392 4393 sui
410 4332 553 4393 admouet
592 4329 633 4390 Se
652 4349 724 4411 crgo
741 4333 818 4388 totos
837 4343 871 4386 ac
891 4323 1011 4388 ineundo
1031 4321 1087 4384 Dei
1107 4327 1216 4400 tempo

76 4411 256 4492 imimmii·
298 4409 336 4476 lli
355 4411 491 4496 quomam
509 4431 570 4476 non
590 4423 690 4476 omnes
713 4404 835 4476 fideliter
858 4424 963 4472 mumra
988 4421 1078 4470 auum
1103 4399 1218 4468 obeunt,
