2742 4856
164 173 225 240 24⁶
375 163 383 186 ’
557 161 598 226 ru
617 161 722 228 aura
740 113 904 224 arrosr.¹

161 286 286 439 r
696 277 999 338 rr
1020 278 1295 457 rure

167 439 700 600 {hlhrllrlhummlsihlllll’epgclhvillkuht
708 435 815 576 lhhhhi
824 442 1061 586 llellreihehmmuihm
1076 437 1191 579 allam
1202 443 1297 600 pcelpp:

111 617 114 632 ¹
168 606 218 666 tiis
246 601 332 663 soluti
361 617 457 662 sacrm
486 603 644 660 conventus
667 601 797 678 agerent:
825 595 867 656 ita
890 598 1014 656 woclin
1037 596 1103 658 rho
1240 609 1298 660 ter·

168 684 246 746 renio
275 679 443 742 coelestibus
472 680 531 740 suis
555 677 694 738 exercitiis
722 675 819 736 locum
849 673 944 734 dabat.
994 673 1044 738 Sic
1066 683 1094 736 ct
1170 679 1178 694 '
1214 679 1296 738 teriia

169 761 309 824 utendum
326 767 398 898 est:ll
402 759 467 820 ideo
485 759 563 820 euim
581 757 636 819 alia
654 756 751 818 omnia
768 755 955 818 intermittere
973 757 1116 832 conruit,
1133 763 1163 818 nt
1178 758 1292 819 liheainu

256 857 359 902 vacare
389 839 469 900 ‘ucat

171 841 237 904 Deo
253 922 301 986 15.
340 922 417 983 Port
440 921 589 980 cuonem
612 919 716 1000 Lepta.
757 912 881 976 Puerum
908 913 990 976 nulla
1012 913 1056 974 lit
1082 917 1206 989 martin,
1233 935 1300 997 quas

172 1008 269 1062 tamen
297 1005 405 1060 certum
434 1005 478 1059 est
505 998 621 1060 minime
650 997 767 1058 omissas
795 993 844 1054 vol
865 994 1012 1076 neglectas
1036 995 1144 1056 inhse:
1173 995 1301 1076 aedqu‘n

172 1079 268 1144 Lucae
287 1077 466 1174 propositum
485 1084 546 1136 erat
564 1075 680 1150 reterre,
699 1093 786 1154 quam
804 1071 911 1133 Paulur
931 1073 991 1132 illic
1009 1071 1113 1134 hahuit
1133 1077 1302 1148 mucionm,

173 1181 233 1222 nou
261 1177 365 1219 nurum
397 1162 454 1232 cst,
483 1157 508 1216 si
536 1155 631 1216 solnm
649 1159 851 1216 commemoret
883 1169 959 1233 qnae
977 1151 1157 1214 adducendi
1177 1155 1301 1214 ordinem

174 1237 347 1300 recubant
395 1233 447 1296 Est
475 1240 572 1296 autem
600 1233 648 1294 hio
672 1235 726 1294 insi
746 1234 789 1294 nis
812 1231 893 1292 locus
912 1251 951 1292 ex
970 1251 1029 1311 quo
1047 1231 1185 1309 ditham
1215 1233 1303 1314 qualia

175 1320 183 1335 '
208 1316 359 1378 ossecnlo
377 1313 453 1394 apud
472 1313 591 1374 ludaeos
609 1319 702 1390 tracta
740 1332 773 1374 ae
799 1311 945 1372 doctrinae
962 1309 1044 1370 luerit
1060 1313 1144 1372 ratio.
1184 1311 1256 1394 lagi
1274 1319 1304 1371 et

174 1395 327 1477 Prophetis
345 1391 465 1452 dabatur
483 1394 592 1488 primus
611 1393 707 1468 locus,
734 1391 801 1473 qnia
823 1391 893 1452 nihil
911 1388 1051 1450 Ecclesiae
1072 1409 1240 1471 proponere
1257 1391 1303 1450 dau

175 1482 233 1549 est,
253 1473 331 1554 qnod
349 1492 408 1532 non
427 1491 465 1532 ex
484 1472 534 1531 rllo
553 1471 634 1533 fonte
652 1471 786 1532 haustum
805 1467 896 1532 fuerit
938 1469 1012 1532 Hinc
1030 1472 1113 1530 eham
1130 1471 1301 1550 colligimus,

174 1573 234 1616 nou
253 1569 433 1634 suppressam
452 1551 540 1611 dohec
558 1552 634 1612 inter
674 1571 762 1614 sucos
780 1549 972 1631 Scriptum,
1001 1549 1053 1610 sed
1070 1569 1167 1612 omues
1186 1551 1223 1610 sd
1239 1551 1304 1610 eins

174 1632 326 1698 lectionem
345 1631 507 1712 promiscue
525 1630 615 1692 inhse
633 1573 784 1692 aluisset:
808 1636 922 1711 postea,
947 1629 997 1710 qui
1016 1629 1139 1690 docendi
1153 1635 1187 1689 et
1204 1627 1306 1690 exhor

175 1711 255 1774 uoti
274 1711 364 1793 gretia
383 1709 542 1790 pollebant,
566 1711 704 1772 secundas
722 1709 865 1772 habebunt
883 1717 993 1790 partes,
1017 1715 1158 1789 tanquam
1175 1709 1304 1788 interprc

169 1798 221 1854 'tce
240 1789 405 1872 Scripturae
434 1809 509 1870 quae
537 1790 611 1852 locta
639 1797 710 1851 erat
760 1788 893 1851 Ostendit
916 1795 1013 1848 tamen
1038 1796 1188 1870 postremo
1211 1786 1307 1860 Lucra,

176 1869 1229 2022 tt⁰ttlhtttttuttmdtttthttthttffi
1245 1887 1307 2005 Ἥ

178 1991 738 2188 rtriuuurrtsrtn
757 1968 1307 2189 trrtutrrrtrssh

152 2190 247 2252 ‘neus
266 2189 352 2250 nimia
370 2188 550 2248 festinatione
568 2186 744 2268 perturbent,
763 2187 813 2248 sed
832 2149 963 2248 modute'
978 2193 1150 2267 expectant,
1179 2187 1247 2246 dum
1264 2185 1308 2244 liat

180 2268 293 2330 dicendi
312 2268 395 2348 copia
414 2268 499 2348 idque
518 2286 618 2328 eorum
642 2268 794 2348 permissu,
822 2285 909 2347 penes
933 2285 1007 2346 quos
1033 2265 1154 2346 puhlico
1176 2285 1310 2326 menso

179 2349 336 2414 sonoritas
365 2353 435 2410 erat
484 2345 597 2408 Scimus
627 2365 714 2428 quam
743 2353 895 2427 corruptus
924 2352 994 2405 tuuc
1013 2343 1102 2406 luerit
1119 2345 1193 2405 illino
1211 2344 1308 2425 populi

179 2433 271 2488 status
297 2433 326 2488 st
344 2424 436 2486 Lucas
460 2417 629 2486 tandem'in
653 2425 710 2486 line
733 2427 834 2506 capitis
854 2424 997 2498 ostendet,
1026 2421 1224 2486 Antiocheam
1241 2425 1310 2482 istoc

107 2516 112 2526 '
178 2507 210 2567 in
229 2505 388 2586 respuenda
408 2503 515 2566 Christi
534 2506 632 2586 gratia,
651 2505 716 2587 plus
735 2524 822 2585 quam
841 2503 979 2584 superbos
993 2502 1310 2586 etpraefractocluimr,

178 2592 210 2646 et
233 2592 330 2646 umen
353 2582 410 2644 hoc
429 2584 497 2645 honi
515 2583 755 2646 residuum=inter
773 2586 851 2666 ipsos
869 2590 945 2659 erat,
973 2590 1008 2644 ut
1027 2603 1131 2648 eorum
1151 2589 1252 2644 coctus
1269 2583 1310 2640 de-

177 2669 276 2724 center
295 2669 324 2723 et
343 2661 463 2722 honeste
482 2670 576 2722 essent
595 2665 761 2744 compositi:
781 2684 840 2744 quo
859 2663 949 2744 magh
969 2663 1104 2744 pudenda
1123 2670 1170 2724 cst
1188 2669 1252 2723 tam
1268 2661 1309 2720 dt-

176 2741 276 2805 formis
296 2739 441 2814 coniuslo,
466 2740 558 2819 qualis
582 2740 668 2802 hodie
690 2745 765 2804 inter
783 2763 833 2803 eos
853 2745 903 2823 qui
922 2741 1077 2804 Christiani
1095 2741 1198 2804 haberi
1217 2741 1309 2801 volunt
1352 2793 1353 2796 ,

177 2819 359 2901 conspicitur.
397 2817 576 2900 Scriptorum
596 2821 712 2900 quidem
731 2821 861 2904 Papistoe
879 2823 909 2882 in
929 2823 987 2882 eois
1006 2822 1124 2902 templis
1143 2823 1204 2882 alta
1223 2829 1253 2883 ct
1269 2841 1308 2880 so·
1352 2837 1353 2880 t

175 2917 340 2962 uorasvooe
360 2899 516 2975 cantillaut,
536 2899 585 2960 red
604 2901 702 2983 lingua
720 2903 865 2984 incognita
877 2907 917 2970 ,ut
935 2901 1032 2962 nullus
1051 2901 1089 2962 ad
1103 2901 1309 2984 populnmlru
1352 2907 1353 2943 ἐ

176 2985 242 3040 etna
270 2977 375 3040 redeat
424 2976 502 3041 Raro
532 2981 687 3062 quicquam
717 2982 863 3042 doctrinae
892 2981 1020 3056 aceedit,
1048 3000 1085 3042 ao
1107 2987 1183 3042 tnnc
1203 2999 1309 3062 qucum

175 3059 264 3142 longe
291 3063 448 3141 praestaret
482 3057 566 3120 silere
598 3061 703 3141 impios
722 3061 844 3136 rabulas,
873 3059 924 3141 qui
942 3077 996 3141 pro
1015 3058 1074 3120 Dei
1092 3059 1186 3120 verhc
1207 3063 1309 3141 impura

175 3158 229 3200 ena
253 3145 416 3200 commenta
435 3138 585 3220 ingerunt,
609 3147 640 3201 ot
658 3140 836 3222 impietatum
855 3159 971 3202 suarum
990 3137 1101 3201 loetme
1122 3143 1310 3202 contaminet

180 3219 317 3301 quicquffl
337 3237 449 3280 sacrorn
467 3225 519 3278 oet.
539 3227 541 3233 '

256 3303 292 3360 St
318 3307 384 3382 poto
406 3307 440 3359 to
463 3299 543 3359 cotto
568 3307 620 3360 eat.
664 3297 744 3359 Haec
767 3298 899 3379 loquutio
922 3299 1039 3360 denotat
1064 3299 1208 3381 quiequid
1226 3299 1310 3360 estin

176 3377 339 3440 hominibus
358 3378 463 3458 gratiae
482 3375 683 3439 adllcclesiom
702 3377 913 3454 aedificandam,
932 3377 961 3439 id
976 3379 1308 3460 essequasidepcsitum

176 3456 353 3538 Quanquam
383 3457 510 3518 uniordo
528 3465 562 3518 to
580 3457 737 3520 secundum
756 3457 873 3538 phrasin
891 3457 1053 3519 hebraicam
1072 3465 1310 3540 potestsnpem

177 3555 232 3598 cua
255 3556 326 3610 csse,
378 3536 433 3596 deo
457 3537 581 3616 pressim
605 3539 636 3598 in
660 3556 695 3598 ea
713 3555 746 3597 re
765 3557 824 3597 non
843 3539 958 3612 insisto,
984 3539 1054 3618 quia
1074 3538 1206 3620 simplex
1224 3541 1310 3633 potul

176 3634 243 3678 esse
259 3634 373 3690 meus,
392 3616 418 3674 si
437 3635 495 3696 qne
514 3615 595 3681 vohis
613 3615 776 3677 exhortatio
796 3623 859 3691 cot,
879 3635 953 3697 quac
972 3625 1040 3698 apta
1060 3618 1098 3678 sit
1117 3624 1151 3678 et
1168 3618 1249 3678 utiles

87 3719 89 3726 ⁴
176 3696 257 3778 pulo.
297 3693 450 3790 Caeterum
469 3693 631 3790 exhortatio
650 3696 809 3758 doctrinam
827 3716 887 3758 non
906 3696 1043 3792 excludit,
1063 3695 1116 3757 sed
1135 3635 1309 3792 vidstnrl:

176 3794 448 3927 tttffitt
466 3793 525 3914 :tt
540 3773 1309 3936 ‘ilih'l'lnilihoel’ilhffld‘ilffi

176 3933 365 4016 Scripturam,
384 3951 442 4014 qna
461 3932 712 4012 comprehenditur
732 3942 791 3995 tota
811 3935 926 4016 piorum
945 3935 1098 4014 sapientia,
1129 3935 1168 3993 sd
1187 3953 1308 4016 μυω-

177 4011 1310 4174 tutdtttttdt,drittttththtt'ht‘tf'th

178 4185 233 4264 epo
253 4183 306 4244 per
324 4166 443 4230 rcrlrum
461 4173 639 4235 auncurt
657 4173 751 4234 notari
770 4171 892 4236 arbitror

230 4413 256 4480 Ι
