2754 4864
492 216 495 226 '
544 227 685 294 cartu
703 227 757 294 xt
1142 242 1200 304 aar

72 369 169 442 prum
189 356 222 414 et
243 341 454 429 Antiochiam,
475 344 594 414 nemini
615 343 783 436 loquentes
804 362 985 414 sermonem
1006 344 1066 416 nisi
1080 345 1202 419 ludaeis

74 463 208 524 tantum.
258 452 312 520 20.
339 449 440 518 Erant
465 460 573 522 autem
601 477 643 520 ex
670 453 747 544 ipsis
774 451 904 544 quidam
924 451 1072 522 homiues
1094 455 1204 548 Cyprii

74 573 109 630 et
129 559 292 652 Cyrenaei,
313 557 370 650 qui
391 556 524 650 ingressi
550 560 751 628 Antiochiam
772 558 896 651 loquuti
917 572 992 628 suut
1012 583 1087 628 eum
1108 563 1205 631 Grae·

74 669 133 750 cis,
160 669 383 734 annuntiantes
409 664 587 732 Dominum
614 665 733 734 lesumr
781 665 836 734 21.
863 663 906 733 Ει
932 689 1046 734 manos
1072 667 1205 740 Domini

73 774 132 842 luit
153 771 319 866 cumillis.
346 770 455 863 ltaque
477 769 597 840 multus
618 796 780 856 numerus,
801 795 902 864 quum
925 773 1113 860 credidisset,
1134 801 1206 847 con·

73 903 187 950 versus
208 889 258 948 eat
278 877 318 944 ad
340 877 526 946 Dominum.
567 878 622 948 22.
644 878 792 947 Pervenit
811 888 918 948 autem
939 902 1045 949 sermo
1067 867 1220 975 deipsis

76 988 116 1054 ad
139 1007 229 1054 aurea
251 984 417 1069 Ecclesiae,
440 1009 522 1076 quac
544 984 785 1078 Hierosolymae
807 995 883 1070 erat,
906 996 938 1053 et
958 986 1113 1057 miserunt
1133 989 1229 1060 Bar-¹

75 1093 202 1176 naham,
222 1101 259 1158 nt
278 1091 421 1160 transiret
442 1092 641 1160 Antiochiam
662 1115 774 1184 usque.
823 1091 877 1160 23.
900 1091 963 1178 Qui
985 1117 1086 1184 quum
1106 1089 1206 1166 venis-

77 1209 129 1268 set
148 1222 185 1266 ac
205 1197 334 1266 vidisset
354 1198 484 1289 gratiam
506 1198 583 1281 Dei,
610 1199 737 1289 gaviam
760 1209 826 1284 est,
849 1209 882 1267 et
903 1198 1048 1268 hortatus
1070 1212 1120 1270 est
1140 1228 1206 1272 om·

76 1327 144 1390 nes,
154 1313 191 1372 ut
200 1306 367 1400 proposito
379 1306 481 1374 cordis
492 1315 654 1374 manerent
664 1305 868 1373 adhaerentes
878 1303 1037 1373 Domino:
1059 1308 1112 1376 24.
1124 1309 1206 1396 Quia

78 1421 144 1480 erat
164 1411 213 1480 vir
233 1411 339 1480 honus
360 1421 393 1480 et
413 1411 527 1504 plenus
548 1411 668 1505 Spiritu
689 1422 799 1490 sancto
821 1421 855 1480 et
869 1409 947 1482 fide.
969 1411 1012 1482 Et
1032 1413 1136 1484 addita
1158 1425 1208 1486 est

76 1518 166 1588 turba
187 1517 288 1589 multa
309 1517 484 1606 Domino„

157 1702 206 1763 19.
229 1706 289 1776 Qui
307 1697 432 1782 dispersi
440 1701 581 1784 summat.
601 1695 687 1762 Nunc
705 1697 742 1778 ad
761 1703 928 1762 contextum
947 1703 1100 1784 superioris
1121 1701 1207 1766 histo·

78 1783 138 1842 riae
156 1777 249 1841 Lucas
268 1780 352 1849 redit.
371 1778 455 1841 Prius
474 1781 551 1842 enim
569 1781 711 1862 attigerat,
729 1786 795 1861 post
814 1781 939 1842 occisum
949 1779 1127 1864 Stephanum
1146 1805 1207 1847 cm-

78 1866 173 1958 pceute
192 1861 347 1957 impiorum
367 1861 483 1957 saevitia
502 1861 655 1958 plerosque
673 1865 752 1962 metu
771 1859 917 1958 perculsos
935 1859 993 1922 hue
1011 1862 1080 1923 illuc
1092 1863 1207 1946 fugisse,

77 1940 241 2083 amr
259 1938 1104 2103 mmttutmutute
1120 1945 1207 2083 ιιι

78 2105 150 2163 hum
169 2101 329 2183 imponeret
346 2101 395 2161 vel
413 2108 576 2162 exteromm
596 2107 787 2183 contemptus,
805 2107 959 2182 sequutum
977 2094 1209 2164 luisseeveuturn

78 2183 172 2258 docet,
192 2201 280 2262 quem
298 2181 413 2241 minime
433 2183 584 2262 quisquam
603 2188 755 2262 sperasset:
776 2180 1015 2262 quemadmodum
1033 2183 1110 2241 euim
1130 2201 1208 2278 apar-

6 2305 14 2316 .
76 2265 157 2404 piton
179 2281 290 2336 semen,
319 2267 354 2320 ut
377 2263 502 2322 fructum
525 2258 665 2342 proterat,
694 2261 737 2322 sic
754 2262 870 2322 illomm
889 2262 955 2340 luga
974 2265 1005 2320 et
1024 2259 1207 2342 dissipahoua

90 2349 187 2403 aetum
210 2359 285 2418 esse,
308 2347 343 2402 ut
360 2337 546 2422 Evangelinm
565 2359 657 2420 usqne
675 2341 713 2402 ad
732 2343 860 2420 regiones
879 2341 982 2424 procul
1000 2339 1111 2401 dissitas
1130 2361 1208 2423 spar-
1324 2413 1331 2422 ,

77 2427 210 2505 geretur,
278 2420 316 2482 orl
345 2422 424 2501 prius
452 2422 536 2482 onius
559 2419 639 2481 urhis
661 2421 811 2486 moenibus
834 2422 915 2503 qnasi
938 2420 1041 2481 horreo
1066 2419 1209 2485 inclusum
1258 2453 1270 2464 ·

78 2508 163 2562 erat.
206 2497 248 2560 Ea
266 2519 312 2561 em
330 2502 441 2562 ratione
460 2501 567 2562 factum
585 2507 643 2573 esi,
667 2509 701 2562 ut
720 2500 827 2562 Christi
845 2519 949 2562 nomen
968 2507 1081 2560 montes
1100 2507 1130 2562 et
1148 2521 1208 2562 ma·

78 2583 125 2642 ria
143 2579 282 2640 traiicisas
299 2600 392 2661 usque
411 2581 448 2641 ad
467 2581 582 2642 ultimos
602 2581 679 2642 orbis
698 2581 769 2642 lines
788 2589 924 2642 manaret.
944 2579 1041 2660 Atque
1055 2581 1208 2642 hocmodo

79 2659 239 2724 secuudum
252 2659 354 2720 lesaiae
368 2661 534 2722 vaticinium
547 2663 728 2743 consumptio
746 2662 901 2724 exundavit
916 2662 947 2721 iu
961 2661 1074 2720 iustitia.
1099 2661 1133 2720 Si
1148 2673 1216 2722 nori-

78 2740 198 2882 arr
212 2738 666 2824 rr

371 2864 379 2896 i
870 2865 879 2896 9

77 2907 216 2963 remotae.
254 2899 397 2962 Dominus
416 2909 511 2963 antem
530 2903 638 2973 effecit,
662 2909 696 2962 ιιι
715 2922 753 2961 ex
771 2901 939 2982 quibusdam
956 2901 1056 2961 heeris
1075 2901 1209 2962 membris

101 2983 165 3042 lura
187 2997 310 3062 corpora
330 2989 522 3044 nascerentur.
566 2980 650 3041 Unde
676 2983 751 3040 enim
775 2988 805 3041 et
823 2981 933 3043 Romae
957 2987 986 3041 et
1004 2978 1132 3042 Puteolis
1151 2981 1210 3042 col·

77 3003 171 3122 lectae
190 3068 271 3122 erant
280 3059 432 3136 Ecclesiae,
451 3064 505 3123 uisi
525 3062 592 3142 quia
610 3062 693 3141 pauci
713 3061 825 3120 exsules
844 3079 878 3120 ae
897 3057 982 3142 prolu
1002 3061 1010 3078 ¹
1029 3059 1097 3120 illuc
1111 3077 1210 3124 secum

79 3139 269 3224 Evangelinm
293 3141 465 3202 attulerant?
507 3138 757 3219 Quemadmodum
781 3145 875 3199 autem
900 3145 970 3198 tunc
1025 3139 1137 3200 ominus
1157 3137 1210 3204 Sa·

79 3229 166 3283 mnae
188 3227 308 3281 conatus
331 3221 496 3282 mirabiliter
517 3221 615 3296 elusit,
643 3220 683 3279 ita
707 3217 822 3278 minime
846 3216 1032 3279 dubitandum
1051 3225 1110 3294 est,
1139 3219 1210 3299 quin
1269 3218 1272 3230 '

81 3300 168 3363 hodie
186 3319 225 3362 ex
243 3318 327 3360 cruce
345 3307 376 3361 et
394 3302 615 3383 persequutione
634 3298 687 3359 sibi
706 3296 867 3436 triumphos
886 3297 923 3386 sit
942 3297 1080 3371 facturus,
1103 3301 1137 3357 nt
1155 3295 1210 3358 Ee-

81 3381 173 3451 clesia
194 3399 232 3441 ex
256 3380 429 3460 dispersione
453 3382 554 3442 melius
578 3380 726 3442 coalescat.
770 3376 795 3437 P
816 3377 924 3438 ocnicra
948 3373 1052 3456 Syriae
1075 3377 1210 3458 contigua

79 3467 129 3524 est
147 3467 177 3522 et
201 3461 295 3520 vicina
316 3460 466 3522 Galilaeae.
495 3461 648 3524 Antiochia
666 3459 735 3520 urba
753 3465 797 3520 est
815 3456 998 3519 celeberrim
1013 3454 1125 3538 Syriae,
1151 3473 1211 3538 qua

79 3547 165 3626 parte
183 3538 312 3600 Ciliciam
335 3542 457 3620 attingit.
1313 3565 1319 3574 ·

94 3629 97 3636 ’
161 3622 284 3681 Nemini
302 3622 456 3716 inpunitas.
481 3619 546 3681 Non
565 3619 696 3682 obstabat
714 3618 788 3679 forte
807 3617 885 3678 solua
903 3613 1133 3699 persequutionis
1151 3633 1211 3678 me-

81 3707 146 3776 tus,
174 3701 245 3782 quin
274 3699 403 3780 gentibus
432 3719 548 3840 qnoplne
576 3700 712 3760 auderent
734 3697 830 3778 loqui,
858 3697 910 3758 sed
927 3697 1015 3758 stulta
1031 3695 1083 3756 illa
1100 3695 1210 3777 religio,

83 3779 164 3861 quod
186 3777 327 3861 putabant
351 3799 454 3860 panem
478 3780 602 3840 s'orum
625 3779 741 3843 canibus
765 3778 879 3862 proici,
908 3797 998 3858 quum
1021 3783 1120 3836 tamen
1165 3794 1211 3835 ro·

82 3862 192 3920 misem
210 3859 338 3922 iussisset
356 3858 487 3920 Christos
506 3878 524 3920 a
542 3861 748 3921 resurrectione
765 3877 818 3920 aua
837 3858 889 3921 toti
908 3850 1125 3936 muudoEvaug
1153 3855 1212 3916 'uro

81 3939 241 4026 praedicari
259 3937 361 4014 (liare
382 3942 430 4016 16,
448 3940 521 4022 ih).

162 4024 212 4084 20.
250 4017 376 4080 'laudem
401 4017 656 4102 tum-quosdam
679 4037 719 4079 ex
741 4019 809 4100 ipsis
831 4016 996 4098 thesaurum
1019 4013 1098 4076 hunc
1120 4033 1213 4096 nsque

81 4099 120 4161 ad
149 4106 248 4184 gentes
277 4099 428 4182 prohrlisse
456 4106 561 4162 narrat.
610 4097 712 4159 Graeci
742 4105 836 4160 autem
869 4099 915 4158 isti
943 4085 1143 4174 uon‘lsnaavre
1159 4115 1210 4156 vo·

80 4187 186 4242 eantur
211 4177 343 4252 ahnca,
370 4176 611 4256 sed‘maquqac'
654 4177 721 4238 ldeo
746 4175 1012 4260 exponeremus,
1040 4173 1127 4237 inisse
1146 4175 1211 4237 illos

80 4279 122 4324 u
150 4259 263 4322 ludaeis
291 4259 407 4358 (puidam
437 4257 585 4334 oriundos,
614 4257 664 4318 sed
690 4256 826 4320 Graeciae
843 4257 963 4332 incolas,
993 4255 1072 4339 quod
1089 4273 1144 4338 ego
1163 4275 1211 4317 ue-

80 4359 232 4437 quaquam
249 4341 365 4422 recipio.
384 4335 464 4424 Nam
477 4335 596 4399 ludaeos
615 4337 767 4419 dequibus
786 4336 872 4418 paulo
891 4346 957 4400 aute
966 4337 1103 4412 meminit,
1122 4355 1213 4416 quum

79 4425 191 4503 parton
219 4417 323 4503 Cyprii
351 4423 460 4496 essem,
488 4435 602 4482 amesae
630 4426 705 4481 esset
732 4419 763 4480 iu
791 4415 841 4478 illo
870 4437 989 4482 nummo
1009 4417 1125 4492 marri,
1145 4417 1212 4497 quia
