<?xml version="1.0" encoding="UTF-8"?>
<!DOCTYPE html PUBLIC "-//W3C//DTD XHTML 1.0 Transitional//EN"
    "http://www.w3.org/TR/xhtml1/DTD/xhtml1-transitional.dtd">
<html xmlns="http://www.w3.org/1999/xhtml" xml:lang="en" lang="en">
 <head>
  <title>
</title>
<meta http-equiv="Content-Type" content="text/html;charset=utf-8" />
  <meta name='ocr-system' content='tesseract 3.04.00' />
  <meta name='ocr-capabilities' content='ocr_page ocr_carea ocr_par ocr_line ocrx_word'/>
</head>
<body>
  <div class='ocr_page' id='page_1' title='image "./innovumtestamen00tholgoog_0530.png"; bbox 0 0 2786 4866; ppageno 0'>
   <div class='ocr_carea' id='block_1_1' title="bbox 532 181 1209 288">
    <p class='ocr_par' dir='ltr' id='par_1_1' title="bbox 532 181 1209 288">
     <span class='ocr_line' id='line_1_1' title="bbox 532 181 1209 288; baseline -0.004 -12"><span class='ocrx_word' id='word_1_1' title='bbox 532 181 751 276; x_wconf 9' lang='lat' dir='ltr'><strong>*carmin</strong></span> <span class='ocrx_word' id='word_1_2' title='bbox 1014 279 1018 288; x_wconf 52' lang='grc'><strong>,</strong></span> <span class='ocrx_word' id='word_1_3' title='bbox 1150 221 1209 288; x_wconf 77' lang='lat'><strong>117</strong></span> 
     </span>
    </p>
   </div>
   <div class='ocr_carea' id='block_1_2' title="bbox 54 319 1211 2317">
    <p class='ocr_par' dir='ltr' id='par_1_2' title="bbox 54 319 1211 2317">
     <span class='ocr_line' id='line_1_2' title="bbox 71 319 1207 426; baseline -0.002 -31"><span class='ocrx_word' id='word_1_4' title='bbox 71 337 146 406; x_wconf 81' lang='lat' dir='ltr'><strong>auls,</strong></span> <span class='ocrx_word' id='word_1_5' title='bbox 166 331 216 412; x_wconf 91' lang='lat' dir='ltr'><strong>qui</strong></span> <span class='ocrx_word' id='word_1_6' title='bbox 241 325 333 411; x_wconf 80' lang='lat' dir='ltr'><strong>pretio</strong></span> <span class='ocrx_word' id='word_1_7' title='bbox 359 323 514 396; x_wconf 85' lang='lat' dir='ltr'><strong>venditum,</strong></span> <span class='ocrx_word' id='word_1_8' title='bbox 533 319 625 410; x_wconf 67' lang='lat' dir='ltr'><strong>&#39;louge</strong></span> <span class='ocrx_word' id='word_1_9' title='bbox 647 329 742 410; x_wconf 91' lang='lat' dir='ltr'><strong>ipsum</strong></span> <span class='ocrx_word' id='word_1_10' title='bbox 766 331 949 426; x_wconf 68' lang='lat' dir='ltr'>expulerant,</span> <span class='ocrx_word' id='word_1_11' title='bbox 980 351 1014 392; x_wconf 90' lang='lat' dir='ltr'><strong>ao</strong></span> <span class='ocrx_word' id='word_1_12' title='bbox 1033 333 1171 413; x_wconf 88' lang='lat' dir='ltr'><strong>putabant</strong></span> <span class='ocrx_word' id='word_1_13' title='bbox 1190 353 1207 394; x_wconf 89' lang='lat' dir='ltr'><strong>a</strong></span> 
     </span>
     <span class='ocr_line' id='line_1_3' title="bbox 54 405 1211 492; baseline -0.001 -19"><span class='ocrx_word' id='word_1_14' title='bbox 54 411 181 489; x_wconf 51' lang='lat' dir='ltr'><strong>¹mundo</strong></span> <span class='ocrx_word' id='word_1_15' title='bbox 202 427 318 492; x_wconf 87' lang='lat' dir='ltr'><strong>prorsus</strong></span> <span class='ocrx_word' id='word_1_16' title='bbox 338 405 570 464; x_wconf 84' lang='lat' dir='ltr'><strong>exterminatum:</strong></span> <span class='ocrx_word' id='word_1_17' title='bbox 591 408 683 468; x_wconf 82' lang='lat' dir='ltr'><strong>cibum</strong></span> <span class='ocrx_word' id='word_1_18' title='bbox 702 411 733 470; x_wconf 90' lang='lat' dir='ltr'><strong>iu</strong></span> <span class='ocrx_word' id='word_1_19' title='bbox 753 429 785 470; x_wconf 88' lang='lat' dir='ltr'><strong>os</strong></span> <span class='ocrx_word' id='word_1_20' title='bbox 805 413 872 492; x_wconf 86' lang='lat' dir='ltr'><strong>rpsis</strong></span> <span class='ocrx_word' id='word_1_21' title='bbox 893 409 1003 492; x_wconf 81' lang='lat' dir='ltr'><strong>ingerit,</strong></span> <span class='ocrx_word' id='word_1_22' title='bbox 1024 431 1040 470; x_wconf 88' lang='lat' dir='ltr'><strong>a</strong></span> <span class='ocrx_word' id='word_1_23' title='bbox 1061 408 1163 492; x_wconf 76' lang='lat' dir='ltr'><strong>quibus</strong></span> <span class='ocrx_word' id='word_1_24' title='bbox 1175 410 1211 474; x_wconf 84' lang='lat' dir='ltr'><strong>in¹</strong></span> 
     </span>
     <span class='ocr_line' id='line_1_4' title="bbox 71 487 1206 570; baseline 0 -17"><span class='ocrx_word' id='word_1_25' title='bbox 71 515 85 554; x_wconf 82' lang='lat' dir='ltr'><strong>e</strong></span> <span class='ocrx_word' id='word_1_26' title='bbox 108 511 189 551; x_wconf 91' lang='lat' dir='ltr'><strong>ecum</strong></span> <span class='ocrx_word' id='word_1_27' title='bbox 210 488 372 570; x_wconf 81' lang='lat' dir='ltr'><strong>proiectus,</strong></span> <span class='ocrx_word' id='word_1_28' title='bbox 388 491 453 545; x_wconf 79' lang='lat' dir='ltr'><strong>atre</strong></span> <span class='ocrx_word' id='word_1_29' title='bbox 476 490 506 542; x_wconf 83' lang='lat' dir='ltr'><strong>et</strong></span> <span class='ocrx_word' id='word_1_30' title='bbox 530 487 631 568; x_wconf 83' lang='lat' dir='ltr'><strong>spiritu</strong></span> <span class='ocrx_word' id='word_1_31' title='bbox 655 491 800 550; x_wconf 84' lang='lat' dir='ltr'><strong>communi</strong></span> <span class='ocrx_word' id='word_1_32' title='bbox 844 491 949 550; x_wconf 88' lang='lat' dir='ltr'><strong>rivatus</strong></span> <span class='ocrx_word' id='word_1_33' title='bbox 968 491 1073 551; x_wconf 76' lang='lat' dir='ltr'><strong>fumat:</strong></span> <span class='ocrx_word' id='word_1_34' title='bbox 1102 492 1206 553; x_wconf 73' lang='lat' dir='ltr'><strong>tolerat</strong></span> 
     </span>
     <span class='ocr_line' id='line_1_5' title="bbox 71 508 1203 654; baseline -0.002 -22"><span class='ocrx_word' id='word_1_35' title='bbox 71 515 195 650; x_wconf 63' lang='lat' dir='ltr'><strong>dbnique</strong></span> <span class='ocrx_word' id='word_1_36' title='bbox 215 574 244 628; x_wconf 88' lang='lat' dir='ltr'><strong>et</strong></span> <span class='ocrx_word' id='word_1_37' title='bbox 263 565 350 654; x_wconf 79' lang='lat' dir='ltr'><strong>toret</strong></span> <span class='ocrx_word' id='word_1_38' title='bbox 363 564 475 622; x_wconf 92' lang='lat' dir='ltr'><strong>illorum</strong></span> <span class='ocrx_word' id='word_1_39' title='bbox 494 565 605 641; x_wconf 78' lang='lat' dir='ltr'><strong>vitam,</strong></span> <span class='ocrx_word' id='word_1_40' title='bbox 626 569 675 646; x_wconf 89' lang='lat' dir='ltr'><strong>qui</strong></span> <span class='ocrx_word' id='word_1_41' title='bbox 694 569 782 628; x_wconf 75' lang='lat' dir='ltr'><strong>ritant</strong></span> <span class='ocrx_word' id='word_1_42' title='bbox 802 508 842 632; x_wconf 80' lang='lat' dir='ltr'><strong>idi</strong></span> <span class='ocrx_word' id='word_1_43' title='bbox 866 570 988 630; x_wconf 75' lang='lat' dir='ltr'>adimere</span> <span class='ocrx_word' id='word_1_44' title='bbox 1011 572 1072 630; x_wconf 83' lang='lat' dir='ltr'><strong>non</strong></span> <span class='ocrx_word' id='word_1_45' title='bbox 1095 571 1203 631; x_wconf 90' lang='lat' dir='ltr'><strong>dubita-</strong></span> 
     </span>
     <span class='ocr_line' id='line_1_6' title="bbox 70 641 1202 730; baseline 0.003 -22"><span class='ocrx_word' id='word_1_46' title='bbox 70 655 180 710; x_wconf 85' lang='lat' dir='ltr'><strong>verant.</strong></span> <span class='ocrx_word' id='word_1_47' title='bbox 221 647 333 706; x_wconf 78' lang='lat' dir='ltr'><strong>interea</strong></span> <span class='ocrx_word' id='word_1_48' title='bbox 353 641 462 703; x_wconf 88' lang='lat' dir='ltr'><strong>ludaeis</strong></span> <span class='ocrx_word' id='word_1_49' title='bbox 480 644 508 702; x_wconf 92' lang='lat' dir='ltr'><strong>in</strong></span> <span class='ocrx_word' id='word_1_50' title='bbox 528 649 695 706; x_wconf 78' lang='lat' dir='ltr'><strong>memoriam</strong></span> <span class='ocrx_word' id='word_1_51' title='bbox 716 647 1005 730; x_wconf 82' lang='lat' dir='ltr'><strong>reduoitStepbanus&#39;,</strong></span> <span class='ocrx_word' id='word_1_52' title='bbox 1026 649 1202 711; x_wconf 87' lang='lat' dir='ltr'><strong>Patriarehas</strong></span> 
     </span>
     <span class='ocr_line' id='line_1_7' title="bbox 70 725 1202 808; baseline 0 -17"><span class='ocrx_word' id='word_1_53' title='bbox 70 738 190 792; x_wconf 85' lang='lat' dir='ltr'><strong>coaetos·</strong></span> <span class='ocrx_word' id='word_1_54' title='bbox 205 747 244 789; x_wconf 80' lang='lat' dir='ltr'><strong>ex</strong></span> <span class='ocrx_word' id='word_1_55' title='bbox 264 745 298 796; x_wconf 93' lang='lat' dir='ltr'><strong>ea</strong></span> <span class='ocrx_word' id='word_1_56' title='bbox 318 732 394 784; x_wconf 88' lang='lat' dir='ltr'><strong>terra</strong></span> <span class='ocrx_word' id='word_1_57' title='bbox 413 725 451 783; x_wconf 91' lang='lat' dir='ltr'><strong>mi</strong></span> <span class='ocrx_word' id='word_1_58' title='bbox 472 741 545 784; x_wconf 88' lang='lat' dir='ltr'><strong>rasse</strong></span> <span class='ocrx_word' id='word_1_59' title='bbox 565 745 638 808; x_wconf 89' lang='lat' dir='ltr'><strong>quae</strong></span> <span class='ocrx_word' id='word_1_60' title='bbox 658 725 713 786; x_wconf 89' lang='lat' dir='ltr'><strong>illis</strong></span> <span class='ocrx_word' id='word_1_61' title='bbox 733 727 762 788; x_wconf 93' lang='lat' dir='ltr'><strong>in</strong></span> <span class='ocrx_word' id='word_1_62' title='bbox 777 727 984 790; x_wconf 75' lang='lat' dir='ltr'><strong>‘haereditatem</strong></span> <span class='ocrx_word' id='word_1_63' title='bbox 1009 731 1074 790; x_wconf 89' lang='lat' dir='ltr'><strong>data</strong></span> <span class='ocrx_word' id='word_1_64' title='bbox 1100 731 1202 806; x_wconf 83' lang='lat' dir='ltr'><strong>luerat,</strong></span> 
     </span>
     <span class='ocr_line' id='line_1_8' title="bbox 69 805 1202 948; baseline 0.002 -78"><span class='ocrx_word' id='word_1_65' title='bbox 69 819 100 870; x_wconf 88' lang='lat' dir='ltr'><strong>et</strong></span> <span class='ocrx_word' id='word_1_66' title='bbox 119 810 267 948; x_wconf 57' lang='lat' dir='ltr'><strong>alibixsqslse</strong></span> <span class='ocrx_word' id='word_1_67' title='bbox 286 811 424 865; x_wconf 83' lang='lat' dir='ltr'><strong>mortuos.</strong></span> <span class='ocrx_word' id='word_1_68' title='bbox 488 823 537 882; x_wconf 78' lang='lat' dir='ltr'><strong>rgo</strong></span> <span class='ocrx_word' id='word_1_69' title='bbox 559 825 648 884; x_wconf 90' lang='lat' dir='ltr'><strong>quum</strong></span> <span class='ocrx_word' id='word_1_70' title='bbox 667 805 698 866; x_wconf 80' lang='lat' dir='ltr'><strong>i&#39;n</strong></span> <span class='ocrx_word' id='word_1_71' title='bbox 723 827 757 868; x_wconf 89' lang='lat' dir='ltr'><strong>ea</strong></span> <span class='ocrx_word' id='word_1_72' title='bbox 781 808 912 890; x_wconf 85' lang='lat' dir='ltr'><strong>inquilini</strong></span> <span class='ocrx_word' id='word_1_73' title='bbox 936 807 1059 885; x_wconf 81' lang='lat' dir='ltr'><strong>tuerint,</strong></span> <span class='ocrx_word' id='word_1_74' title='bbox 1087 810 1202 872; x_wconf 86' lang='lat' dir='ltr'><strong>tandem</strong></span> 
     </span>
     <span class='ocr_line' id='line_1_9' title="bbox 70 889 396 950; baseline -0.012 0"><span class='ocrx_word' id='word_1_75' title='bbox 70 889 173 950; x_wconf 83' lang='lat' dir='ltr'><strong>indae</strong></span> <span class='ocrx_word' id='word_1_76' title='bbox 241 891 298 945; x_wconf 89' lang='lat' dir='ltr'><strong>ant.</strong></span> <span class='ocrx_word' id='word_1_77' title='bbox 391 933 396 946; x_wconf 77' lang='lat'>.</span> 
     </span>
     <span class='ocr_line' id='line_1_10' title="bbox 153 959 1202 1049; baseline 0.006 -26"><span class='ocrx_word' id='word_1_78' title='bbox 153 968 203 1030; x_wconf 84' lang='grc'><strong>14.</strong></span> <span class='ocrx_word' id='word_1_79' title='bbox 242 963 329 1044; x_wconf 82' lang='lat' dir='ltr'><strong>Quod</strong></span> <span class='ocrx_word' id='word_1_80' title='bbox 352 961 420 1022; x_wconf 85' lang='lat' dir='ltr'><strong>dieit</strong></span> <span class='ocrx_word' id='word_1_81' title='bbox 443 959 523 1022; x_wconf 82' lang='lat' dir='ltr'><strong>latob</strong></span> <span class='ocrx_word' id='word_1_82' title='bbox 548 965 659 1024; x_wconf 82' lang='lat' dir='ltr'><strong>venisse</strong></span> <span class='ocrx_word' id='word_1_83' title='bbox 683 966 712 1025; x_wconf 92' lang='lat' dir='ltr'><strong>in</strong></span> <span class='ocrx_word' id='word_1_84' title='bbox 737 965 762 1026; x_wconf 84' lang='lat' dir='ltr'>A</span> <span class='ocrx_word' id='word_1_85' title='bbox 840 974 902 1026; x_wconf 89' lang='lat' dir='ltr'><strong>tnm</strong></span> <span class='ocrx_word' id='word_1_86' title='bbox 929 987 995 1028; x_wconf 86' lang='lat' dir='ltr'><strong>enm</strong></span> <span class='ocrx_word' id='word_1_87' title='bbox 1022 975 1123 1049; x_wconf 85' lang='lat' dir='ltr'><strong>septna</strong></span> <span class='ocrx_word' id='word_1_88' title='bbox 1143 970 1202 1029; x_wconf 84' lang='lat' dir='ltr'><strong>&#39;uta</strong></span> 
     </span>
     <span class='ocr_line' id='line_1_11' title="bbox 74 1041 1200 1130; baseline 0.001 -23"><span class='ocrx_word' id='word_1_89' title='bbox 74 1048 202 1130; x_wconf 89' lang='lat' dir='ltr'><strong>quinque</strong></span> <span class='ocrx_word' id='word_1_90' title='bbox 222 1041 381 1115; x_wconf 78' lang='lat' dir='ltr'><strong>animabus,</strong></span> <span class='ocrx_word' id='word_1_91' title='bbox 411 1045 626 1102; x_wconf 81' lang='lat' dir='ltr'><strong>non&#39;convenit</strong></span> <span class='ocrx_word' id='word_1_92' title='bbox 650 1063 716 1103; x_wconf 88' lang='lat' dir='ltr'><strong>eum</strong></span> <span class='ocrx_word' id='word_1_93' title='bbox 739 1065 791 1106; x_wconf 86' lang='lat' dir='ltr'><strong>ver</strong></span> <span class='ocrx_word' id='word_1_94' title='bbox 810 1049 833 1106; x_wconf 91' lang='lat' dir='ltr'><strong>is</strong></span> <span class='ocrx_word' id='word_1_95' title='bbox 857 1045 953 1106; x_wconf 87' lang='lat' dir='ltr'><strong>llosis.</strong></span> <span class='ocrx_word' id='word_1_96' title='bbox 1002 1045 1078 1108; x_wconf 88' lang='lat' dir='ltr'><strong>Nam</strong></span> <span class='ocrx_word' id='word_1_97' title='bbox 1138 1067 1200 1108; x_wconf 86' lang='lat' dir='ltr'><strong>oses</strong></span> 
     </span>
     <span class='ocr_line' id='line_1_12' title="bbox 73 1120 1199 1206; baseline 0 -18"><span class='ocrx_word' id='word_1_98' title='bbox 73 1133 188 1188; x_wconf 89' lang='lat' dir='ltr'><strong>tantum</strong></span> <span class='ocrx_word' id='word_1_99' title='bbox 209 1125 381 1206; x_wconf 73' lang='lat' dir='ltr'><strong>septuaginta</strong></span> <span class='ocrx_word' id='word_1_100' title='bbox 401 1125 536 1184; x_wconf 72' lang='lat' dir='ltr'><strong>numuat.</strong></span> <span class='ocrx_word' id='word_1_101' title='bbox 576 1121 768 1202; x_wconf 81' lang='lat' dir='ltr'><strong>Hieronymus</strong></span> <span class='ocrx_word' id='word_1_102' title='bbox 788 1120 895 1185; x_wconf 84' lang='lat' dir='ltr'><strong>Lucam</strong></span> <span class='ocrx_word' id='word_1_103' title='bbox 916 1128 1059 1188; x_wconf 85' lang='lat' dir='ltr'><strong>existimat</strong></span> <span class='ocrx_word' id='word_1_104' title='bbox 1076 1147 1135 1188; x_wconf 90' lang='lat' dir='ltr'><strong>non</strong></span> <span class='ocrx_word' id='word_1_105' title='bbox 1155 1147 1199 1188; x_wconf 88' lang='lat' dir='ltr'><strong>re·</strong></span> 
     </span>
     <span class='ocr_line' id='line_1_13' title="bbox 74 1199 1200 1282; baseline 0.003 -16"><span class='ocrx_word' id='word_1_106' title='bbox 74 1209 175 1266; x_wconf 86' lang='lat' dir='ltr'><strong>tulisse</strong></span> <span class='ocrx_word' id='word_1_107' title='bbox 195 1205 229 1265; x_wconf 92' lang='lat' dir='ltr'><strong>ad</strong></span> <span class='ocrx_word' id='word_1_108' title='bbox 249 1201 366 1264; x_wconf 82' lang='lat' dir='ltr'><strong>verbnm</strong></span> <span class='ocrx_word' id='word_1_109' title='bbox 387 1217 460 1280; x_wconf 87' lang='lat' dir='ltr'><strong>quae</strong></span> <span class='ocrx_word' id='word_1_110' title='bbox 477 1199 580 1260; x_wconf 77' lang='lat' dir='ltr'><strong>dixerit</strong></span> <span class='ocrx_word' id='word_1_111' title='bbox 598 1199 774 1282; x_wconf 70' lang='lat' dir='ltr'><strong>Stephanus,</strong></span> <span class='ocrx_word' id='word_1_112' title='bbox 804 1205 855 1264; x_wconf 86' lang='lat' dir='ltr'><strong>sed</strong></span> <span class='ocrx_word' id='word_1_113' title='bbox 879 1213 916 1264; x_wconf 84' lang='lat' dir='ltr'><strong>ex</strong></span> <span class='ocrx_word' id='word_1_114' title='bbox 942 1205 1050 1266; x_wconf 81' lang='lat' dir='ltr'><strong>Graeca</strong></span> <span class='ocrx_word' id='word_1_115' title='bbox 1069 1208 1200 1270; x_wconf 77' lang='lat' dir='ltr'><strong>versione</strong></span> 
     </span>
     <span class='ocr_line' id='line_1_14' title="bbox 74 1278 1198 1368; baseline 0 -24"><span class='ocrx_word' id='word_1_116' title='bbox 74 1285 163 1344; x_wconf 79' lang='lat' dir='ltr'><strong>iliosis</strong></span> <span class='ocrx_word' id='word_1_117' title='bbox 182 1285 333 1362; x_wconf 78' lang='lat' dir='ltr'><strong>sumpsisse</strong></span> <span class='ocrx_word' id='word_1_118' title='bbox 347 1278 428 1342; x_wconf 85' lang='lat' dir='ltr'><strong>buno</strong></span> <span class='ocrx_word' id='word_1_119' title='bbox 451 1295 612 1360; x_wconf 78' lang='lat' dir='ltr'><strong>numerum,</strong></span> <span class='ocrx_word' id='word_1_120' title='bbox 633 1282 677 1340; x_wconf 85' lang='lat' dir='ltr'><strong>vel</strong></span> <span class='ocrx_word' id='word_1_121' title='bbox 698 1283 776 1362; x_wconf 91' lang='lat' dir='ltr'><strong>qnod</strong></span> <span class='ocrx_word' id='word_1_122' title='bbox 794 1285 856 1364; x_wconf 86' lang='lat' dir='ltr'><strong>ipse</strong></span> <span class='ocrx_word' id='word_1_123' title='bbox 915 1286 1108 1368; x_wconf 75' lang='lat' dir='ltr'><strong>iproselytus</strong></span> <span class='ocrx_word' id='word_1_124' title='bbox 1127 1293 1198 1362; x_wconf 88' lang='lat' dir='ltr'><strong>erat,</strong></span> 
     </span>
     <span class='ocr_line' id='line_1_15' title="bbox 75 1350 1199 1441; baseline 0.002 -18"><span class='ocrx_word' id='word_1_125' title='bbox 75 1385 132 1423; x_wconf 93' lang='lat' dir='ltr'><strong>non</strong></span> <span class='ocrx_word' id='word_1_126' title='bbox 151 1365 273 1422; x_wconf 62' lang='lat' dir='ltr'><strong>mouerit</strong></span> <span class='ocrx_word' id='word_1_127' title='bbox 292 1361 417 1440; x_wconf 79' lang='lat' dir='ltr'><strong>lingnam</strong></span> <span class='ocrx_word' id='word_1_128' title='bbox 438 1350 614 1434; x_wconf 77' lang='lat' dir='ltr'><strong>Hdrraieam,</strong></span> <span class='ocrx_word' id='word_1_129' title='bbox 639 1362 685 1420; x_wconf 81' lang='lat' dir='ltr'><strong>vel</strong></span> <span class='ocrx_word' id='word_1_130' title='bbox 711 1362 788 1441; x_wconf 89' lang='lat' dir='ltr'><strong>quod</strong></span> <span class='ocrx_word' id='word_1_131' title='bbox 833 1365 890 1423; x_wconf 89' lang='lat' dir='ltr'><strong>enti</strong></span> <span class='ocrx_word' id='word_1_132' title='bbox 912 1383 944 1424; x_wconf 91' lang='lat' dir='ltr'><strong>us</strong></span> <span class='ocrx_word' id='word_1_133' title='bbox 968 1365 1024 1424; x_wconf 87' lang='lat' dir='ltr'><strong>lroo</strong></span> <span class='ocrx_word' id='word_1_134' title='bbox 1043 1367 1199 1426; x_wconf 81' lang='lat' dir='ltr'><strong>concedere</strong></span> 
     </span>
     <span class='ocr_line' id='line_1_16' title="bbox 74 1385 1198 1520; baseline 0.004 -20"><span class='ocrx_word' id='word_1_135' title='bbox 74 1439 302 1520; x_wconf 68' lang='lat' dir='ltr'><strong>voluerit&#39;apnd</strong></span> <span class='ocrx_word' id='word_1_136' title='bbox 324 1457 394 1518; x_wconf 88' lang='lat' dir='ltr'><strong>quas</strong></span> <span class='ocrx_word' id='word_1_137' title='bbox 413 1457 460 1498; x_wconf 88' lang='lat' dir='ltr'><strong>ree</strong></span> <span class='ocrx_word' id='word_1_138' title='bbox 492 1446 522 1499; x_wconf 91' lang='lat' dir='ltr'><strong>ta</strong></span> <span class='ocrx_word' id='word_1_139' title='bbox 541 1446 603 1499; x_wconf 87' lang='lat' dir='ltr'><strong>erat</strong></span> <span class='ocrx_word' id='word_1_140' title='bbox 622 1440 669 1499; x_wconf 91' lang='lat' dir='ltr'><strong>illa</strong></span> <span class='ocrx_word' id='word_1_141' title='bbox 689 1430 782 1500; x_wconf 51' lang='lat' dir='ltr'><strong>lectio:</strong></span> <span class='ocrx_word' id='word_1_142' title='bbox 811 1385 904 1502; x_wconf 63' lang='lat' dir='ltr'><strong>dorna</strong></span> <span class='ocrx_word' id='word_1_143' title='bbox 929 1444 1076 1504; x_wconf 88' lang='lat' dir='ltr'><strong>ineertnm‘</strong></span> <span class='ocrx_word' id='word_1_144' title='bbox 1094 1451 1138 1504; x_wconf 89' lang='lat' dir='ltr'><strong>est</strong></span> <span class='ocrx_word' id='word_1_145' title='bbox 1161 1463 1198 1504; x_wconf 89' lang='lat' dir='ltr'><strong>au</strong></span> 
     </span>
     <span class='ocr_line' id='line_1_17' title="bbox 75 1520 1198 1601; baseline -0.002 -17"><span class='ocrx_word' id='word_1_146' title='bbox 75 1523 109 1584; x_wconf 90' lang='lat' dir='ltr'><strong>de</strong></span> <span class='ocrx_word' id='word_1_147' title='bbox 128 1521 271 1582; x_wconf 84' lang='lat' dir='ltr'><strong>industria</strong></span> <span class='ocrx_word' id='word_1_148' title='bbox 289 1539 438 1578; x_wconf 88' lang='lat' dir='ltr'><strong>numerum</strong></span> <span class='ocrx_word' id='word_1_149' title='bbox 459 1520 465 1534; x_wconf 91' lang='lat'>&#39;</span> <span class='ocrx_word' id='word_1_150' title='bbox 484 1539 533 1578; x_wconf 91' lang='lat' dir='ltr'><strong>um</strong></span> <span class='ocrx_word' id='word_1_151' title='bbox 552 1521 700 1601; x_wconf 80' lang='lat' dir='ltr'><strong>posuerint</strong></span> <span class='ocrx_word' id='word_1_152' title='bbox 720 1521 821 1582; x_wconf 80' lang='lat' dir='ltr'><strong>Graeci</strong></span> <span class='ocrx_word' id='word_1_153' title='bbox 839 1524 913 1582; x_wconf 89' lang='lat' dir='ltr'><strong>inter</strong></span> <span class='ocrx_word' id='word_1_154' title='bbox 933 1530 1021 1596; x_wconf 86' lang='lat' dir='ltr'><strong>retes,</strong></span> <span class='ocrx_word' id='word_1_155' title='bbox 1045 1544 1083 1584; x_wconf 90' lang='lat' dir='ltr'><strong>an</strong></span> <span class='ocrx_word' id='word_1_156' title='bbox 1102 1541 1198 1587; x_wconf 81' lang='lat' dir='ltr'><strong>errore</strong></span> 
     </span>
     <span class='ocr_line' id='line_1_18' title="bbox 93 1543 1198 1682; baseline 0.003 -22"><span class='ocrx_word' id='word_1_157' title='bbox 93 1607 171 1660; x_wconf 89' lang='lat' dir='ltr'><strong>ostea</strong></span> <span class='ocrx_word' id='word_1_158' title='bbox 192 1599 356 1680; x_wconf 85' lang='lat' dir='ltr'><strong>obrepserit.</strong></span> <span class='ocrx_word' id='word_1_159' title='bbox 378 1595 464 1676; x_wconf 84' lang='lat' dir='ltr'><strong>Quod</strong></span> <span class='ocrx_word' id='word_1_160' title='bbox 478 1599 620 1682; x_wconf 80' lang='lat' dir='ltr'><strong>posterius</strong></span> <span class='ocrx_word' id='word_1_161' title='bbox 640 1601 747 1662; x_wconf 87' lang='lat' dir='ltr'><strong>scilieet</strong></span> <span class='ocrx_word' id='word_1_162' title='bbox 788 1601 893 1662; x_wconf 89' lang='lat' dir='ltr'><strong>roelive</strong></span> <span class='ocrx_word' id='word_1_163' title='bbox 911 1543 973 1676; x_wconf 76' lang='lat' dir='ltr'><strong>brit,</strong></span> <span class='ocrx_word' id='word_1_164' title='bbox 1015 1623 1084 1662; x_wconf 92' lang='lat' dir='ltr'><strong>uum</strong></span> <span class='ocrx_word' id='word_1_165' title='bbox 1094 1599 1198 1664; x_wconf 79' lang='lat' dir='ltr'><strong>Graeci</strong></span> 
     </span>
     <span class='ocr_line' id='line_1_19' title="bbox 72 1623 1196 1762; baseline 0 -22"><span class='ocrx_word' id='word_1_166' title='bbox 72 1623 217 1740; x_wconf 78' lang='lat' dir='ltr'><strong>dterarum</strong></span> <span class='ocrx_word' id='word_1_167' title='bbox 237 1680 313 1738; x_wconf 90' lang='lat' dir='ltr'><strong>notis</strong></span> <span class='ocrx_word' id='word_1_168' title='bbox 333 1693 465 1752; x_wconf 77' lang='lat' dir='ltr'><strong>numeros</strong></span> <span class='ocrx_word' id='word_1_169' title='bbox 479 1681 589 1758; x_wconf 75' lang='lat' dir='ltr'><strong>signare</strong></span> <span class='ocrx_word' id='word_1_170' title='bbox 608 1679 725 1741; x_wconf 85' lang='lat' dir='ltr'><strong>soleant.</strong></span> <span class='ocrx_word' id='word_1_171' title='bbox 783 1681 931 1762; x_wconf 80' lang='lat' dir='ltr'><strong>agustinus</strong></span> <span class='ocrx_word' id='word_1_172' title='bbox 951 1679 986 1742; x_wconf 91' lang='lat' dir='ltr'><strong>de</strong></span> <span class='ocrx_word' id='word_1_173' title='bbox 1032 1683 1130 1742; x_wconf 81' lang='lat' dir='ltr'><strong>ivitate</strong></span> <span class='ocrx_word' id='word_1_174' title='bbox 1139 1679 1196 1740; x_wconf 86' lang='lat' dir='ltr'><strong>Dei</strong></span> 
     </span>
     <span class='ocr_line' id='line_1_20' title="bbox 74 1757 1127 1842; baseline 0.003 -24"><span class='ocrx_word' id='word_1_175' title='bbox 74 1759 145 1819; x_wconf 89' lang='lat' dir='ltr'><strong>libro</strong></span> <span class='ocrx_word' id='word_1_176' title='bbox 164 1762 213 1821; x_wconf 78' lang='lat'><strong>26.</strong></span> <span class='ocrx_word' id='word_1_177' title='bbox 239 1757 440 1838; x_wconf 85' lang='lat' dir='ltr'><strong>comprehendi</strong></span> <span class='ocrx_word' id='word_1_178' title='bbox 465 1763 541 1837; x_wconf 69' lang='lat' dir='ltr'><strong>putat</strong></span> <span class='ocrx_word' id='word_1_179' title='bbox 564 1766 683 1837; x_wconf 89' lang='lat' dir='ltr'><strong>nepotes</strong></span> <span class='ocrx_word' id='word_1_180' title='bbox 707 1779 741 1818; x_wconf 84' lang='lat' dir='ltr'><strong>aa</strong></span> <span class='ocrx_word' id='word_1_181' title='bbox 786 1767 938 1839; x_wconf 88' lang='lat' dir='ltr'><strong>ronepotes</strong></span> <span class='ocrx_word' id='word_1_182' title='bbox 963 1759 1080 1842; x_wconf 86' lang='lat' dir='ltr'><strong>loseph,</strong></span> <span class='ocrx_word' id='word_1_183' title='bbox 1109 1781 1127 1821; x_wconf 89' lang='lat' dir='ltr'><strong>a</strong></span> 
     </span>
     <span class='ocr_line' id='line_1_21' title="bbox 72 1781 1195 1924; baseline 0.001 -25"><span class='ocrx_word' id='word_1_184' title='bbox 72 1842 112 1900; x_wconf 84' lang='lat' dir='ltr'><strong>ita</strong></span> <span class='ocrx_word' id='word_1_185' title='bbox 130 1857 237 1900; x_wconf 81' lang='lat' dir='ltr'><strong>nomen</strong></span> <span class='ocrx_word' id='word_1_186' title='bbox 256 1841 409 1912; x_wconf 69' lang='lat' dir='ltr'><strong>desem</strong></span> <span class='ocrx_word' id='word_1_187' title='bbox 427 1835 469 1896; x_wconf 81' lang='lat' dir='ltr'><strong>illi</strong></span> <span class='ocrx_word' id='word_1_188' title='bbox 495 1837 620 1917; x_wconf 79' lang='lat' dir='ltr'><strong>ignibant</strong></span> <span class='ocrx_word' id='word_1_189' title='bbox 638 1839 733 1898; x_wconf 85' lang='lat' dir='ltr'><strong>tbtum</strong></span> <span class='ocrx_word' id='word_1_190' title='bbox 751 1781 822 1898; x_wconf 84' lang='lat' dir='ltr'><strong>idad</strong></span> <span class='ocrx_word' id='word_1_191' title='bbox 841 1844 964 1924; x_wconf 61' lang='lat' dir='ltr'><strong>temptas⁸</strong></span> <span class='ocrx_word' id='word_1_192' title='bbox 975 1861 1033 1920; x_wconf 90' lang='lat' dir='ltr'><strong>quo</strong></span> <span class='ocrx_word' id='word_1_193' title='bbox 1059 1841 1132 1924; x_wconf 76' lang='lat' dir='ltr'><strong>vixit</strong></span> <span class='ocrx_word' id='word_1_194' title='bbox 1167 1859 1195 1900; x_wconf 85' lang='lat' dir='ltr'><strong>n·</strong></span> 
     </span>
     <span class='ocr_line' id='line_1_22' title="bbox 72 1854 1195 2000; baseline 0.001 -23"><span class='ocrx_word' id='word_1_195' title='bbox 72 1918 132 1978; x_wconf 87' lang='lat' dir='ltr'><strong>oob.</strong></span> <span class='ocrx_word' id='word_1_196' title='bbox 173 1917 282 1978; x_wconf 88' lang='lat' dir='ltr'><strong>Verum</strong></span> <span class='ocrx_word' id='word_1_197' title='bbox 302 1854 524 1993; x_wconf 63' lang='lat' dir='ltr'><strong>coniectandis</strong></span> <span class='ocrx_word' id='word_1_198' title='bbox 544 1917 730 1976; x_wconf 89' lang='lat' dir='ltr'><strong>nullomodo</strong></span> <span class='ocrx_word' id='word_1_199' title='bbox 750 1919 837 1997; x_wconf 88' lang='lat' dir='ltr'><strong>reeipi</strong></span> <span class='ocrx_word' id='word_1_200' title='bbox 857 1925 960 2000; x_wconf 86' lang='lat' dir='ltr'><strong>potest.</strong></span> <span class='ocrx_word' id='word_1_201' title='bbox 1001 1911 1074 1978; x_wconf 85' lang='lat' dir='ltr'><strong>Nam</strong></span> <span class='ocrx_word' id='word_1_202' title='bbox 1088 1921 1195 1978; x_wconf 89' lang='lat' dir='ltr'><strong>interea</strong></span> 
     </span>
     <span class='ocr_line' id='line_1_23' title="bbox 72 1993 1193 2078; baseline -0.003 -20"><span class='ocrx_word' id='word_1_203' title='bbox 72 1999 129 2058; x_wconf 87' lang='lat' dir='ltr'><strong>nati</strong></span> <span class='ocrx_word' id='word_1_204' title='bbox 149 2005 217 2058; x_wconf 88' lang='lat' dir='ltr'><strong>sunt</strong></span> <span class='ocrx_word' id='word_1_205' title='bbox 237 1997 298 2057; x_wconf 87' lang='lat' dir='ltr'><strong>aliia</strong></span> <span class='ocrx_word' id='word_1_206' title='bbox 318 2015 433 2078; x_wconf 88' lang='lat' dir='ltr'><strong>quoque</strong></span> <span class='ocrx_word' id='word_1_207' title='bbox 454 1993 619 2058; x_wconf 85' lang='lat' dir='ltr'><strong>Pttriarchis</strong></span> <span class='ocrx_word' id='word_1_208' title='bbox 639 1997 800 2078; x_wconf 88' lang='lat' dir='ltr'><strong>complures</strong></span> <span class='ocrx_word' id='word_1_209' title='bbox 820 1997 909 2056; x_wconf 87' lang='lat' dir='ltr'><strong>liberi.</strong></span> <span class='ocrx_word' id='word_1_210' title='bbox 949 1995 1019 2056; x_wconf 83' lang='lat' dir='ltr'><strong>illibi</strong></span> <span class='ocrx_word' id='word_1_211' title='bbox 1045 2005 1121 2057; x_wconf 79' lang='lat' dir='ltr'><strong>rorte</strong></span> <span class='ocrx_word' id='word_1_212' title='bbox 1143 2015 1193 2056; x_wconf 78' lang='lat' dir='ltr'><strong>ve·</strong></span> 
     </span>
     <span class='ocr_line' id='line_1_24' title="bbox 71 2066 1195 2157; baseline -0.001 -20"><span class='ocrx_word' id='word_1_213' title='bbox 71 2078 186 2138; x_wconf 87' lang='lat' dir='ltr'><strong>risimile</strong></span> <span class='ocrx_word' id='word_1_214' title='bbox 205 2085 256 2150; x_wconf 82' lang='lat' dir='ltr'><strong>est,</strong></span> <span class='ocrx_word' id='word_1_215' title='bbox 277 2077 455 2157; x_wconf 71' lang='lat' dir='ltr'><strong>septuaginta</strong></span> <span class='ocrx_word' id='word_1_216' title='bbox 474 2066 637 2155; x_wconf 76' lang='lat' dir='ltr'><strong>hterpretes</strong></span> <span class='ocrx_word' id='word_1_217' title='bbox 656 2097 725 2136; x_wconf 86' lang='lat' dir='ltr'><strong>vere</strong></span> <span class='ocrx_word' id='word_1_218' title='bbox 743 2077 920 2138; x_wconf 84' lang='lat' dir='ltr'><strong>transtulisse</strong></span> <span class='ocrx_word' id='word_1_219' title='bbox 940 2076 1018 2156; x_wconf 91' lang='lat' dir='ltr'><strong>quod</strong></span> <span class='ocrx_word' id='word_1_220' title='bbox 1037 2083 1099 2136; x_wconf 87' lang='lat' dir='ltr'><strong>erat</strong></span> <span class='ocrx_word' id='word_1_221' title='bbox 1117 2069 1195 2155; x_wconf 85' lang='lat' dir='ltr'><strong>apdd</strong></span> 
     </span>
     <span class='ocr_line' id='line_1_25' title="bbox 74 2153 1194 2238; baseline -0.003 -22"><span class='ocrx_word' id='word_1_222' title='bbox 74 2155 184 2217; x_wconf 88' lang='lat' dir='ltr'><strong>ltlosen.</strong></span> <span class='ocrx_word' id='word_1_223' title='bbox 224 2155 326 2238; x_wconf 87' lang='lat' dir='ltr'><strong>Neque</strong></span> <span class='ocrx_word' id='word_1_224' title='bbox 343 2156 420 2214; x_wconf 87' lang='lat' dir='ltr'><strong>eninr</strong></span> <span class='ocrx_word' id='word_1_225' title='bbox 441 2155 489 2217; x_wconf 84' lang='lat' dir='ltr'><strong>did</strong></span> <span class='ocrx_word' id='word_1_226' title='bbox 510 2161 618 2236; x_wconf 77' lang='lat' dir='ltr'><strong>potest,</strong></span> <span class='ocrx_word' id='word_1_227' title='bbox 637 2156 724 2216; x_wconf 69' lang='lat' dir='ltr'><strong>suine</strong></span> <span class='ocrx_word' id='word_1_228' title='bbox 748 2157 949 2230; x_wconf 85' lang='lat' dir='ltr'><strong>hallucinatos,</strong></span> <span class='ocrx_word' id='word_1_229' title='bbox 979 2175 1069 2236; x_wconf 87' lang='lat' dir='ltr'><strong>quum</strong></span> <span class='ocrx_word' id='word_1_230' title='bbox 1088 2153 1194 2214; x_wconf 87' lang='lat' dir='ltr'><strong>Dente·</strong></span> 
     </span>
     <span class='ocr_line' id='line_1_26' title="bbox 68 2232 1193 2317; baseline -0.004 -19"><span class='ocrx_word' id='word_1_231' title='bbox 68 2257 131 2298; x_wconf 83' lang='lat' dir='ltr'><strong>ron.</strong></span> <span class='ocrx_word' id='word_1_232' title='bbox 153 2255 215 2317; x_wconf 82' lang='lat' dir='ltr'><strong>cap.</strong></span> <span class='ocrx_word' id='word_1_233' title='bbox 236 2239 284 2298; x_wconf 75' lang='lat'><strong>102</strong></span> <span class='ocrx_word' id='word_1_234' title='bbox 304 2233 354 2294; x_wconf 91' lang='lat' dir='ltr'><strong>ubi</strong></span> <span class='ocrx_word' id='word_1_235' title='bbox 373 2240 503 2297; x_wconf 88' lang='lat' dir='ltr'><strong>numeris</strong></span> <span class='ocrx_word' id='word_1_236' title='bbox 522 2236 577 2294; x_wconf 88' lang='lat' dir='ltr'><strong>iste</strong></span> <span class='ocrx_word' id='word_1_237' title='bbox 595 2237 733 2316; x_wconf 88' lang='lat' dir='ltr'><strong>repetitur</strong></span> <span class='ocrx_word' id='word_1_238' title='bbox 751 2253 818 2294; x_wconf 90' lang='lat' dir='ltr'><strong>eum</strong></span> <span class='ocrx_word' id='word_1_239' title='bbox 833 2234 913 2295; x_wconf 83' lang='lat' dir='ltr'><strong>Mose</strong></span> <span class='ocrx_word' id='word_1_240' title='bbox 932 2233 1120 2307; x_wconf 78' lang='lat' dir='ltr'><strong>consentiant,</strong></span> <span class='ocrx_word' id='word_1_241' title='bbox 1140 2232 1193 2294; x_wconf 88' lang='lat' dir='ltr'><strong>sal·</strong></span> 
     </span>
    </p>
   </div>
   <div class='ocr_carea' id='block_1_3' title="bbox 68 2313 1244 2396">
    <p class='ocr_par' dir='ltr' id='par_1_3' title="bbox 68 2313 1244 2396">
     <span class='ocr_line' id='line_1_27' title="bbox 68 2313 1244 2396; baseline -0.001 -21"><span class='ocrx_word' id='word_1_242' title='bbox 68 2323 129 2376; x_wconf 89' lang='lat' dir='ltr'><strong>tem</strong></span> <span class='ocrx_word' id='word_1_243' title='bbox 154 2321 189 2374; x_wconf 87' lang='lat' dir='ltr'><strong>ut</strong></span> <span class='ocrx_word' id='word_1_244' title='bbox 211 2313 379 2392; x_wconf 81' lang='lat' dir='ltr'><strong>Hieronymi</strong></span> <span class='ocrx_word' id='word_1_245' title='bbox 408 2314 532 2396; x_wconf 73' lang='lat' dir='ltr'><strong>temptare</strong></span> <span class='ocrx_word' id='word_1_246' title='bbox 556 2315 637 2374; x_wconf 85' lang='lat' dir='ltr'><strong>loeus</strong></span> <span class='ocrx_word' id='word_1_247' title='bbox 659 2315 708 2374; x_wconf 86' lang='lat' dir='ltr'><strong>ille</strong></span> <span class='ocrx_word' id='word_1_248' title='bbox 732 2317 793 2374; x_wconf 84' lang='lat' dir='ltr'><strong>siue</strong></span> <span class='ocrx_word' id='word_1_249' title='bbox 816 2317 1009 2374; x_wconf 72' lang='lat' dir='ltr'><strong>oonnoversia</strong></span> <span class='ocrx_word' id='word_1_250' title='bbox 1039 2313 1191 2395; x_wconf 77' lang='lat' dir='ltr'><strong>legebatur.</strong></span> <span class='ocrx_word' id='word_1_251' title='bbox 1242 2367 1244 2374; x_wconf 84' lang='lat'>.</span> 
     </span>
    </p>
   </div>
   <div class='ocr_carea' id='block_1_4' title="bbox 71 2390 1193 2539">
    <p class='ocr_par' dir='ltr' id='par_1_4' title="bbox 71 2390 1193 2539">
     <span class='ocr_line' id='line_1_28' title="bbox 71 2390 1193 2539; baseline -0.003 -85"><span class='ocrx_word' id='word_1_252' title='bbox 71 2393 149 2454; x_wconf 90' lang='lat' dir='ltr'><strong>Nam</strong></span> <span class='ocrx_word' id='word_1_253' title='bbox 169 2413 242 2474; x_wconf 85' lang='lat' dir='ltr'><strong>qnae</strong></span> <span class='ocrx_word' id='word_1_254' title='bbox 260 2393 344 2453; x_wconf 87' lang='lat' dir='ltr'><strong>hodie</strong></span> <span class='ocrx_word' id='word_1_255' title='bbox 363 2413 469 2453; x_wconf 80' lang='lat' dir='ltr'><strong>excusa</strong></span> <span class='ocrx_word' id='word_1_256' title='bbox 482 2390 548 2539; x_wconf 76' lang='lat' dir='ltr'><strong>&#39;punt</strong></span> <span class='ocrx_word' id='word_1_257' title='bbox 567 2394 738 2474; x_wconf 81' lang='lat' dir='ltr'><strong>exemplaria</strong></span> <span class='ocrx_word' id='word_1_258' title='bbox 757 2395 839 2454; x_wconf 80' lang='lat' dir='ltr'><strong>allier</strong></span> <span class='ocrx_word' id='word_1_259' title='bbox 857 2393 970 2452; x_wconf 82' lang='lat' dir='ltr'><strong>babent</strong></span> <span class='ocrx_word' id='word_1_260' title='bbox 996 2392 1078 2454; x_wconf 82' lang='lat' dir='ltr'><strong>blane</strong></span> <span class='ocrx_word' id='word_1_261' title='bbox 1096 2395 1193 2472; x_wconf 88' lang='lat' dir='ltr'><strong>itaque</strong></span> 
     </span>
    </p>
   </div>
   <div class='ocr_carea' id='block_1_5' title="bbox 12 2475 1196 2872">
    <p class='ocr_par' dir='ltr' id='par_1_5' title="bbox 12 2475 1196 2872">
     <span class='ocr_line' id='line_1_29' title="bbox 72 2475 463 2554; baseline 0.003 -21"><span class='ocrx_word' id='word_1_262' title='bbox 72 2475 291 2554; x_wconf 77' lang='lat' dir='ltr'><strong>discrepantiam</strong></span> <span class='ocrx_word' id='word_1_263' title='bbox 311 2493 347 2534; x_wconf 85' lang='lat' dir='ltr'><strong>err</strong></span> <span class='ocrx_word' id='word_1_264' title='bbox 366 2485 463 2534; x_wconf 87' lang='lat' dir='ltr'><strong>errore</strong></span> 
     </span>
     <span class='ocr_line' id='line_1_30' title="bbox 70 2545 1192 2633; baseline -0.003 -21"><span class='ocrx_word' id='word_1_265' title='bbox 70 2573 133 2612; x_wconf 91' lang='lat' dir='ltr'><strong>non</strong></span> <span class='ocrx_word' id='word_1_266' title='bbox 154 2559 216 2611; x_wconf 88' lang='lat' dir='ltr'><strong>erat</strong></span> <span class='ocrx_word' id='word_1_267' title='bbox 234 2553 305 2612; x_wconf 86' lang='lat' dir='ltr'><strong>tanti</strong></span> <span class='ocrx_word' id='word_1_268' title='bbox 322 2556 473 2626; x_wconf 80' lang='lat' dir='ltr'><strong>momenti,</strong></span> <span class='ocrx_word' id='word_1_269' title='bbox 489 2555 580 2614; x_wconf 69' lang='lat' dir='ltr'><strong>&#39;ouius</strong></span> <span class='ocrx_word' id='word_1_270' title='bbox 591 2573 676 2614; x_wconf 85' lang='lat' dir='ltr'><strong>causa</strong></span> <span class='ocrx_word' id='word_1_271' title='bbox 696 2551 787 2612; x_wconf 84' lang='lat' dir='ltr'><strong>Lucas</strong></span> <span class='ocrx_word' id='word_1_272' title='bbox 808 2559 905 2633; x_wconf 69' lang='lat' dir='ltr'><strong>gentas</strong></span> <span class='ocrx_word' id='word_1_273' title='bbox 925 2545 1058 2612; x_wconf 69' lang='lat' dir='ltr'><strong>Graeaae&#39;</strong></span> <span class='ocrx_word' id='word_1_274' title='bbox 1075 2551 1192 2612; x_wconf 79' lang='lat' dir='ltr'><strong>lectioni</strong></span> 
     </span>
     <span class='ocr_line' id='line_1_31' title="bbox 69 2632 1192 2714; baseline -0.002 -22"><span class='ocrx_word' id='word_1_275' title='bbox 69 2637 201 2692; x_wconf 87' lang='lat' dir='ltr'><strong>assuetas</strong></span> <span class='ocrx_word' id='word_1_276' title='bbox 220 2632 331 2692; x_wconf 88' lang='lat' dir='ltr'><strong>turbare</strong></span> <span class='ocrx_word' id='word_1_277' title='bbox 350 2633 493 2693; x_wconf 84' lang='lat' dir='ltr'><strong>debuerit.¹</strong></span> <span class='ocrx_word' id='word_1_278' title='bbox 524 2632 562 2695; x_wconf 85' lang='lat' dir='ltr'><strong>Et</strong></span> <span class='ocrx_word' id='word_1_279' title='bbox 586 2633 647 2692; x_wconf 87' lang='lat' dir='ltr'><strong>lieri</strong></span> <span class='ocrx_word' id='word_1_280' title='bbox 672 2639 769 2714; x_wconf 87' lang='lat' dir='ltr'><strong>potest</strong></span> <span class='ocrx_word' id='word_1_281' title='bbox 792 2640 826 2693; x_wconf 88' lang='lat' dir='ltr'><strong>ut</strong></span> <span class='ocrx_word' id='word_1_282' title='bbox 849 2633 976 2714; x_wconf 84' lang='lat' dir='ltr'><strong>posuerit</strong></span> <span class='ocrx_word' id='word_1_283' title='bbox 1004 2633 1067 2712; x_wconf 89' lang='lat' dir='ltr'><strong>ipse</strong></span> <span class='ocrx_word' id='word_1_284' title='bbox 1090 2649 1192 2691; x_wconf 86' lang='lat' dir='ltr'><strong>verum</strong></span> 
     </span>
     <span class='ocr_line' id='line_1_32' title="bbox 12 2710 1190 2793; baseline 0 -24"><span class='ocrx_word' id='word_1_285' title='bbox 12 2781 18 2788; x_wconf 24' lang='grc' dir='ltr'>ι</span> <span class='ocrx_word' id='word_1_286' title='bbox 70 2729 238 2786; x_wconf 85' lang='lat' dir='ltr'><strong>numerum,</strong></span> <span class='ocrx_word' id='word_1_287' title='bbox 268 2713 407 2793; x_wconf 86' lang='lat' dir='ltr'><strong>quispiam</strong></span> <span class='ocrx_word' id='word_1_288' title='bbox 430 2726 556 2776; x_wconf 82' lang='lat' dir='ltr'><strong>vertex</strong></span> <span class='ocrx_word' id='word_1_289' title='bbox 581 2714 645 2773; x_wconf 84' lang='lat' dir='ltr'><strong>loen</strong></span> <span class='ocrx_word' id='word_1_290' title='bbox 669 2714 719 2772; x_wconf 93' lang='lat' dir='ltr'><strong>illo</strong></span> <span class='ocrx_word' id='word_1_291' title='bbox 744 2711 831 2772; x_wconf 86' lang='lat' dir='ltr'><strong>blosis</strong></span> <span class='ocrx_word' id='word_1_292' title='bbox 855 2723 1004 2792; x_wconf 88' lang='lat' dir='ltr'><strong>perperam</strong></span> <span class='ocrx_word' id='word_1_293' title='bbox 1024 2710 1190 2772; x_wconf 82' lang='lat' dir='ltr'><strong>eorrexerit.</strong></span> 
     </span>
     <span class='ocr_line' id='line_1_33' title="bbox 68 2789 1196 2872; baseline -0.001 -21"><span class='ocrx_word' id='word_1_294' title='bbox 68 2789 187 2851; x_wconf 86' lang='lat' dir='ltr'><strong>Novum</strong></span> <span class='ocrx_word' id='word_1_295' title='bbox 207 2793 282 2852; x_wconf 87' lang='lat' dir='ltr'><strong>enirn</strong></span> <span class='ocrx_word' id='word_1_296' title='bbox 302 2791 508 2859; x_wconf 80' lang='lat' dir='ltr'><strong>Testamentum</strong></span> <span class='ocrx_word' id='word_1_297' title='bbox 526 2795 631 2854; x_wconf 89' lang='lat' dir='ltr'><strong>seimus</strong></span> <span class='ocrx_word' id='word_1_298' title='bbox 651 2793 686 2852; x_wconf 91' lang='lat' dir='ltr'><strong>ab</strong></span> <span class='ocrx_word' id='word_1_299' title='bbox 704 2791 751 2853; x_wconf 88' lang='lat' dir='ltr'><strong>lris</strong></span> <span class='ocrx_word' id='word_1_300' title='bbox 770 2799 925 2852; x_wconf 88' lang='lat' dir='ltr'><strong>traetatum</strong></span> <span class='ocrx_word' id='word_1_301' title='bbox 944 2790 1044 2866; x_wconf 83' lang='lat' dir='ltr'><strong>luisse,</strong></span> <span class='ocrx_word' id='word_1_302' title='bbox 1064 2791 1114 2872; x_wconf 88' lang='lat' dir='ltr'><strong>qui</strong></span> <span class='ocrx_word' id='word_1_303' title='bbox 1133 2789 1196 2850; x_wconf 71' lang='lat' dir='ltr'><strong>He·</strong></span> 
     </span>
    </p>
   </div>
   <div class='ocr_carea' id='block_1_6' title="bbox 70 2863 1192 3010">
    <p class='ocr_par' dir='ltr' id='par_1_6' title="bbox 70 2863 1192 3010">
     <span class='ocr_line' id='line_1_34' title="bbox 70 2863 1192 3010; baseline -0.001 -81"><span class='ocrx_word' id='word_1_304' title='bbox 70 2872 192 2930; x_wconf 83' lang='lat' dir='ltr'><strong>brairae</strong></span> <span class='ocrx_word' id='word_1_305' title='bbox 206 2871 318 2950; x_wconf 72' lang='lat' dir='ltr'><strong>liuguae</strong></span> <span class='ocrx_word' id='word_1_306' title='bbox 338 2873 426 3010; x_wconf 56' lang='lat' dir='ltr'><strong>ipppri</strong></span> <span class='ocrx_word' id='word_1_307' title='bbox 447 2868 580 2933; x_wconf 75' lang='lat' dir='ltr'><strong>Grteoam</strong></span> <span class='ocrx_word' id='word_1_308' title='bbox 599 2874 774 2935; x_wconf 82' lang='lat' dir='ltr'><strong>familiariter</strong></span> <span class='ocrx_word' id='word_1_309' title='bbox 791 2870 935 2934; x_wconf 84' lang='lat' dir='ltr'><strong>tenebant.</strong></span> <span class='ocrx_word' id='word_1_310' title='bbox 975 2869 1052 2948; x_wconf 79' lang='lat' dir='ltr'><strong>Ergo</strong></span> <span class='ocrx_word' id='word_1_311' title='bbox 1071 2876 1104 2929; x_wconf 89' lang='lat' dir='ltr'><strong>ut</strong></span> <span class='ocrx_word' id='word_1_312' title='bbox 1123 2863 1192 2929; x_wconf 54' lang='lat' dir='ltr'><strong>con-¹</strong></span> 
     </span>
    </p>
   </div>
   <div class='ocr_carea' id='block_1_7' title="bbox 64 2953 1191 3268">
    <p class='ocr_par' dir='ltr' id='par_1_7' title="bbox 64 2953 1191 3268">
     <span class='ocr_line' id='line_1_35' title="bbox 71 2953 324 3010; baseline 0.004 -1"><span class='ocrx_word' id='word_1_313' title='bbox 71 2956 209 3010; x_wconf 84' lang='lat' dir='ltr'><strong>sentanea</strong></span> <span class='ocrx_word' id='word_1_314' title='bbox 228 2953 324 3010; x_wconf 83' lang='lat' dir='ltr'><strong>essent</strong></span> 
     </span>
     <span class='ocr_line' id='line_1_36' title="bbox 65 3028 1189 3110; baseline -0.002 -21"><span class='ocrx_word' id='word_1_315' title='bbox 65 3048 132 3089; x_wconf 89' lang='lat' dir='ltr'><strong>sum</strong></span> <span class='ocrx_word' id='word_1_316' title='bbox 149 3029 230 3088; x_wconf 88' lang='lat' dir='ltr'><strong>illum</strong></span> <span class='ocrx_word' id='word_1_317' title='bbox 249 3043 412 3104; x_wconf 89' lang='lat' dir='ltr'><strong>numerum,</strong></span> <span class='ocrx_word' id='word_1_318' title='bbox 433 3032 483 3110; x_wconf 89' lang='lat' dir='ltr'><strong>qui</strong></span> <span class='ocrx_word' id='word_1_319' title='bbox 500 3031 689 3110; x_wconf 79' lang='lat' dir='ltr'><strong>teperiebatar</strong></span> <span class='ocrx_word' id='word_1_320' title='bbox 707 3031 737 3090; x_wconf 91' lang='lat' dir='ltr'><strong>in</strong></span> <span class='ocrx_word' id='word_1_321' title='bbox 757 3029 864 3090; x_wconf 84' lang='lat' dir='ltr'><strong>Graaaa</strong></span> <span class='ocrx_word' id='word_1_322' title='bbox 883 3030 1014 3088; x_wconf 87' lang='lat' dir='ltr'><strong>versione</strong></span> <span class='ocrx_word' id='word_1_323' title='bbox 1033 3028 1189 3102; x_wconf 86' lang='lat' dir='ltr'><strong>Geneseos,</strong></span> 
     </span>
     <span class='ocr_line' id='line_1_37' title="bbox 64 3107 1191 3190; baseline -0.001 -23"><span class='ocrx_word' id='word_1_324' title='bbox 64 3111 96 3168; x_wconf 89' lang='lat' dir='ltr'><strong>in</strong></span> <span class='ocrx_word' id='word_1_325' title='bbox 114 3108 193 3168; x_wconf 87' lang='lat' dir='ltr'><strong>huno</strong></span> <span class='ocrx_word' id='word_1_326' title='bbox 211 3129 327 3190; x_wconf 85' lang='lat' dir='ltr'><strong>quoqne</strong></span> <span class='ocrx_word' id='word_1_327' title='bbox 346 3111 441 3170; x_wconf 85' lang='lat' dir='ltr'><strong>laeum</strong></span> <span class='ocrx_word' id='word_1_328' title='bbox 459 3111 643 3170; x_wconf 84' lang='lat' dir='ltr'><strong>transtulisse:</strong></span> <span class='ocrx_word' id='word_1_329' title='bbox 663 3109 699 3166; x_wconf 87' lang='lat' dir='ltr'><strong>de</strong></span> <span class='ocrx_word' id='word_1_330' title='bbox 718 3127 776 3188; x_wconf 90' lang='lat' dir='ltr'><strong>quo</strong></span> <span class='ocrx_word' id='word_1_331' title='bbox 796 3110 820 3166; x_wconf 88' lang='lat' dir='ltr'><strong>si</strong></span> <span class='ocrx_word' id='word_1_332' title='bbox 840 3108 904 3188; x_wconf 89' lang='lat' dir='ltr'><strong>quis</strong></span> <span class='ocrx_word' id='word_1_333' title='bbox 916 3107 1191 3187; x_wconf 71' lang='lat' dir='ltr'><strong>perdnaeius&#39;litiget</strong></span> 
     </span>
     <span class='ocr_line' id='line_1_38' title="bbox 67 3183 1190 3268; baseline -0.004 -20"><span class='ocrx_word' id='word_1_334' title='bbox 67 3207 168 3268; x_wconf 81' lang='lat' dir='ltr'><strong>sapere</strong></span> <span class='ocrx_word' id='word_1_335' title='bbox 187 3197 268 3249; x_wconf 87' lang='lat' dir='ltr'><strong>extra</strong></span> <span class='ocrx_word' id='word_1_336' title='bbox 287 3191 403 3249; x_wconf 85' lang='lat' dir='ltr'><strong>modum</strong></span> <span class='ocrx_word' id='word_1_337' title='bbox 423 3191 557 3254; x_wconf 84' lang='lat' dir='ltr'><strong>sinamus:</strong></span> <span class='ocrx_word' id='word_1_338' title='bbox 572 3188 663 3247; x_wconf 81' lang='lat' dir='ltr'><strong>&#39;notris</strong></span> <span class='ocrx_word' id='word_1_339' title='bbox 681 3188 712 3245; x_wconf 87' lang='lat' dir='ltr'><strong>in</strong></span> <span class='ocrx_word' id='word_1_340' title='bbox 732 3194 855 3246; x_wconf 89' lang='lat' dir='ltr'><strong>mentem</strong></span> <span class='ocrx_word' id='word_1_341' title='bbox 874 3189 983 3260; x_wconf 66' lang='lat' dir='ltr'><strong>venui,</strong></span> <span class='ocrx_word' id='word_1_342' title='bbox 1007 3205 1067 3244; x_wconf 90' lang='lat' dir='ltr'><strong>non</strong></span> <span class='ocrx_word' id='word_1_343' title='bbox 1086 3183 1190 3244; x_wconf 78' lang='lat' dir='ltr'><strong>trustra</strong></span> 
     </span>
    </p>
   </div>
   <div class='ocr_carea' id='block_1_8' title="bbox 65 3263 1219 3350">
    <p class='ocr_par' dir='ltr' id='par_1_8' title="bbox 65 3263 1219 3350">
     <span class='ocr_line' id='line_1_39' title="bbox 65 3263 1219 3350; baseline -0.005 -23"><span class='ocrx_word' id='word_1_344' title='bbox 65 3287 122 3328; x_wconf 90' lang='lat' dir='ltr'><strong>nos</strong></span> <span class='ocrx_word' id='word_1_345' title='bbox 141 3269 230 3328; x_wconf 80' lang='lat' dir='ltr'><strong>vetari</strong></span> <span class='ocrx_word' id='word_1_346' title='bbox 254 3287 271 3328; x_wconf 91' lang='lat' dir='ltr'><strong>a</strong></span> <span class='ocrx_word' id='word_1_347' title='bbox 293 3267 386 3328; x_wconf 89' lang='lat' dir='ltr'><strong>Paulo</strong></span> <span class='ocrx_word' id='word_1_348' title='bbox 410 3269 446 3329; x_wconf 87' lang='lat' dir='ltr'><strong>de</strong></span> <span class='ocrx_word' id='word_1_349' title='bbox 472 3267 637 3350; x_wconf 77' lang='lat' dir='ltr'><strong>genealogiis</strong></span> <span class='ocrx_word' id='word_1_350' title='bbox 662 3267 747 3325; x_wconf 83' lang='lat' dir='ltr'><strong>anxie</strong></span> <span class='ocrx_word' id='word_1_351' title='bbox 771 3283 833 3325; x_wconf 86' lang='lat' dir='ltr'><strong>esse</strong></span> <span class='ocrx_word' id='word_1_352' title='bbox 856 3267 992 3324; x_wconf 81' lang='lat' dir='ltr'><strong>curiosos.</strong></span> <span class='ocrx_word' id='word_1_353' title='bbox 1031 3263 1191 3323; x_wconf 71' lang='lat' dir='ltr'><strong>⁴Camenam</strong></span> <span class='ocrx_word' id='word_1_354' title='bbox 1217 3307 1219 3310; x_wconf 82' lang='lat'>-</span> 
     </span>
    </p>
   </div>
   <div class='ocr_carea' id='block_1_9' title="bbox 64 3341 1190 3510">
    <p class='ocr_par' dir='ltr' id='par_1_9' title="bbox 64 3341 1190 3510">
     <span class='ocr_line' id='line_1_40' title="bbox 64 3341 1190 3430; baseline -0.006 -24"><span class='ocrx_word' id='word_1_355' title='bbox 64 3345 198 3406; x_wconf 89' lang='lat' dir='ltr'><strong>consulto</strong></span> <span class='ocrx_word' id='word_1_356' title='bbox 217 3349 386 3428; x_wconf 81' lang='lat' dir='ltr'><strong>exprimitur</strong></span> <span class='ocrx_word' id='word_1_357' title='bbox 404 3355 464 3408; x_wconf 92' lang='lat' dir='ltr'><strong>tam</strong></span> <span class='ocrx_word' id='word_1_358' title='bbox 483 3349 599 3430; x_wconf 72' lang='lat' dir='ltr'><strong>exiguus</strong></span> <span class='ocrx_word' id='word_1_359' title='bbox 618 3361 761 3419; x_wconf 88' lang='lat' dir='ltr'><strong>numeros,</strong></span> <span class='ocrx_word' id='word_1_360' title='bbox 781 3365 840 3424; x_wconf 91' lang='lat' dir='ltr'><strong>quo</strong></span> <span class='ocrx_word' id='word_1_361' title='bbox 859 3344 996 3404; x_wconf 84' lang='lat' dir='ltr'><strong>illustrior</strong></span> <span class='ocrx_word' id='word_1_362' title='bbox 1015 3341 1119 3402; x_wconf 77' lang='lat' dir='ltr'><strong>eitliei</strong></span> <span class='ocrx_word' id='word_1_363' title='bbox 1138 3360 1190 3422; x_wconf 92' lang='lat' dir='ltr'><strong>po·</strong></span> 
     </span>
     <span class='ocr_line' id='line_1_41' title="bbox 66 3422 1190 3510; baseline -0.006 -24"><span class='ocrx_word' id='word_1_364' title='bbox 66 3427 156 3486; x_wconf 87' lang='lat' dir='ltr'><strong>tentia</strong></span> <span class='ocrx_word' id='word_1_365' title='bbox 174 3428 205 3486; x_wconf 92' lang='lat' dir='ltr'><strong>in</strong></span> <span class='ocrx_word' id='word_1_366' title='bbox 224 3433 304 3488; x_wconf 88' lang='lat' dir='ltr'><strong>tanta</strong></span> <span class='ocrx_word' id='word_1_367' title='bbox 328 3431 437 3510; x_wconf 74' lang='lat' dir='ltr'><strong>generis</strong></span> <span class='ocrx_word' id='word_1_368' title='bbox 461 3427 674 3509; x_wconf 80' lang='lat' dir='ltr'><strong>propagatione,</strong></span> <span class='ocrx_word' id='word_1_369' title='bbox 703 3443 778 3503; x_wconf 87' lang='lat' dir='ltr'><strong>quae</strong></span> <span class='ocrx_word' id='word_1_370' title='bbox 801 3433 861 3482; x_wconf 88' lang='lat' dir='ltr'><strong>non</strong></span> <span class='ocrx_word' id='word_1_371' title='bbox 884 3425 924 3483; x_wconf 88' lang='lat' dir='ltr'><strong>ita</strong></span> <span class='ocrx_word' id='word_1_372' title='bbox 947 3422 1034 3502; x_wconf 79' lang='lat' dir='ltr'><strong>longo</strong></span> <span class='ocrx_word' id='word_1_373' title='bbox 1058 3429 1190 3501; x_wconf 80' lang='lat' dir='ltr'><strong>tempore</strong></span> 
     </span>
    </p>
   </div>
   <div class='ocr_carea' id='block_1_10' title="bbox 64 3501 1197 3587">
    <p class='ocr_par' dir='ltr' id='par_1_10' title="bbox 64 3501 1197 3587">
     <span class='ocr_line' id='line_1_42' title="bbox 64 3501 1197 3587; baseline -0.006 -21"><span class='ocrx_word' id='word_1_374' title='bbox 64 3505 185 3566; x_wconf 85' lang='lat' dir='ltr'><strong>exstitit.</strong></span> <span class='ocrx_word' id='word_1_375' title='bbox 229 3505 330 3587; x_wconf 83' lang='lat' dir='ltr'><strong>Neque</strong></span> <span class='ocrx_word' id='word_1_376' title='bbox 355 3509 431 3567; x_wconf 83' lang='lat' dir='ltr'><strong>enim</strong></span> <span class='ocrx_word' id='word_1_377' title='bbox 455 3507 576 3568; x_wconf 87' lang='lat' dir='ltr'><strong>bumana</strong></span> <span class='ocrx_word' id='word_1_378' title='bbox 600 3505 749 3586; x_wconf 80' lang='lat' dir='ltr'><strong>generandi</strong></span> <span class='ocrx_word' id='word_1_379' title='bbox 774 3503 882 3579; x_wconf 80' lang='lat' dir='ltr'><strong>radone</strong></span> <span class='ocrx_word' id='word_1_380' title='bbox 905 3503 1015 3562; x_wconf 82' lang='lat' dir='ltr'><strong>tantrrla</strong></span> <span class='ocrx_word' id='word_1_381' title='bbox 1039 3501 1197 3560; x_wconf 84' lang='lat' dir='ltr'><strong>hominum-</strong></span> 
     </span>
    </p>
   </div>
   <div class='ocr_carea' id='block_1_11' title="bbox 53 3580 1191 4466">
    <p class='ocr_par' dir='ltr' id='par_1_11' title="bbox 57 3580 1191 4064">
     <span class='ocr_line' id='line_1_43' title="bbox 62 3580 1190 3676; baseline -0.004 -32"><span class='ocrx_word' id='word_1_382' title='bbox 62 3603 168 3644; x_wconf 84' lang='lat' dir='ltr'><strong>manus</strong></span> <span class='ocrx_word' id='word_1_383' title='bbox 187 3587 260 3645; x_wconf 89' lang='lat' dir='ltr'><strong>intra</strong></span> <span class='ocrx_word' id='word_1_384' title='bbox 280 3603 369 3647; x_wconf 88' lang='lat' dir='ltr'><strong>anuos</strong></span> <span class='ocrx_word' id='word_1_385' title='bbox 389 3589 523 3647; x_wconf 83' lang='lat' dir='ltr'><strong>dueentns</strong></span> <span class='ocrx_word' id='word_1_386' title='bbox 543 3585 745 3666; x_wconf 81' lang='lat' dir='ltr'><strong>quinquaginta</strong></span> <span class='ocrx_word' id='word_1_387' title='bbox 763 3585 794 3642; x_wconf 87' lang='lat' dir='ltr'><strong>iri</strong></span> <span class='ocrx_word' id='word_1_388' title='bbox 812 3581 1021 3641; x_wconf 86' lang='lat' dir='ltr'><strong>multitudinem</strong></span> <span class='ocrx_word' id='word_1_389' title='bbox 1039 3580 1117 3640; x_wconf 81' lang='lat' dir='ltr'><strong>illam</strong></span> <span class='ocrx_word' id='word_1_390' title='bbox 1136 3581 1190 3676; x_wconf 75' lang='lat' dir='ltr'><strong>im·</strong></span> 
     </span>
     <span class='ocr_line' id='line_1_44' title="bbox 62 3659 1189 3828; baseline -0.004 -26"><span class='ocrx_word' id='word_1_391' title='bbox 62 3663 597 3828; x_wconf 60' lang='lat' dir='ltr'><strong>affitrtttstltttttti</strong></span> <span class='ocrx_word' id='word_1_392' title='bbox 613 3659 1189 3822; x_wconf 63' lang='lat' dir='ltr'><strong>tittratttttttttrtt:</strong></span> 
     </span>
     <span class='ocr_line' id='line_1_45' title="bbox 62 3822 1189 3905; baseline -0.006 -25"><span class='ocrx_word' id='word_1_393' title='bbox 62 3822 158 3898; x_wconf 82' lang='lat' dir='ltr'><strong>venit,</strong></span> <span class='ocrx_word' id='word_1_394' title='bbox 177 3845 264 3905; x_wconf 83' lang='lat' dir='ltr'><strong>quana</strong></span> <span class='ocrx_word' id='word_1_395' title='bbox 283 3827 413 3886; x_wconf 79' lang='lat' dir='ltr'><strong>anxiede</strong></span> <span class='ocrx_word' id='word_1_396' title='bbox 431 3827 586 3886; x_wconf 80' lang='lat' dir='ltr'><strong>litera=una</strong></span> <span class='ocrx_word' id='word_1_397' title='bbox 605 3823 742 3896; x_wconf 86' lang='lat' dir='ltr'><strong>laborare,</strong></span> <span class='ocrx_word' id='word_1_398' title='bbox 762 3839 818 3904; x_wconf 81' lang='lat' dir='ltr'><strong>qua</strong></span> <span class='ocrx_word' id='word_1_399' title='bbox 837 3827 964 3881; x_wconf 81' lang='lat' dir='ltr'><strong>matram</strong></span> <span class='ocrx_word' id='word_1_400' title='bbox 982 3825 1026 3879; x_wconf 84' lang='lat' dir='ltr'><strong>est</strong></span> <span class='ocrx_word' id='word_1_401' title='bbox 1044 3834 1189 3877; x_wconf 83' lang='lat' dir='ltr'><strong>numerus.</strong></span> 
     </span>
     <span class='ocr_line' id='line_1_46' title="bbox 58 3899 1191 3988; baseline -0.009 -24"><span class='ocrx_word' id='word_1_402' title='bbox 58 3901 146 3964; x_wconf 85' lang='lat' dir='ltr'><strong>Aliae</strong></span> <span class='ocrx_word' id='word_1_403' title='bbox 165 3906 355 3984; x_wconf 86' lang='lat' dir='ltr'><strong>quaestiones,</strong></span> <span class='ocrx_word' id='word_1_404' title='bbox 366 3914 404 3968; x_wconf 63' lang='lat' dir='ltr'><strong>*et</strong></span> <span class='ocrx_word' id='word_1_405' title='bbox 422 3907 535 3988; x_wconf 84' lang='lat' dir='ltr'><strong>quidem</strong></span> <span class='ocrx_word' id='word_1_406' title='bbox 553 3901 827 3986; x_wconf 77' lang='lat' dir='ltr'><strong>magisdiltieilesad</strong></span> <span class='ocrx_word' id='word_1_407' title='bbox 842 3899 1020 3973; x_wconf 83' lang='lat' dir='ltr'><strong>solvendum,</strong></span> <span class='ocrx_word' id='word_1_408' title='bbox 1033 3902 1191 3972; x_wconf 74' lang='lat' dir='ltr'><strong>naseuntur</strong></span> 
     </span>
     <span class='ocr_line' id='line_1_47' title="bbox 57 3981 908 4064; baseline 0.002 -23"><span class='ocrx_word' id='word_1_409' title='bbox 57 4001 98 4042; x_wconf 85' lang='lat' dir='ltr'><strong>ex</strong></span> <span class='ocrx_word' id='word_1_410' title='bbox 116 3981 230 4064; x_wconf 88' lang='lat' dir='ltr'><strong>reliquo</strong></span> <span class='ocrx_word' id='word_1_411' title='bbox 250 3982 411 4050; x_wconf 74' lang='lat' dir='ltr'><strong>eontextn.‘</strong></span> <span class='ocrx_word' id='word_1_412' title='bbox 655 3995 661 4044; x_wconf 78' lang='lat'>1</span> <span class='ocrx_word' id='word_1_413' title='bbox 767 4051 775 4062; x_wconf 48' lang='lat'><strong><em>‚</em></strong></span> <span class='ocrx_word' id='word_1_414' title='bbox 900 3981 908 4020; x_wconf 26' lang='grc' dir='ltr'><em>ἰ</em></span> 
     </span>
    </p>

    <p class='ocr_par' dir='ltr' id='par_1_12' title="bbox 53 4053 1191 4466">
     <span class='ocr_line' id='line_1_48' title="bbox 141 4053 1190 4146; baseline -0.01 -23"><span class='ocrx_word' id='word_1_415' title='bbox 141 4063 191 4124; x_wconf 82' lang='grc'><strong>16.</strong></span> <span class='ocrx_word' id='word_1_416' title='bbox 209 4063 289 4125; x_wconf 80' lang='lat' dir='ltr'><strong>Dion</strong></span> <span class='ocrx_word' id='word_1_417' title='bbox 308 4065 469 4146; x_wconf 85' lang='lat' dir='ltr'><strong>Stephanus</strong></span> <span class='ocrx_word' id='word_1_418' title='bbox 488 4067 648 4128; x_wconf 75' lang='lat' dir='ltr'><strong>tromtntos</strong></span> <span class='ocrx_word' id='word_1_419' title='bbox 664 4065 808 4144; x_wconf 78' lang='lat' dir='ltr'><strong>satereia</strong></span> <span class='ocrx_word' id='word_1_420' title='bbox 831 4070 936 4122; x_wconf 85' lang='lat' dir='ltr'><strong>terram</strong></span> <span class='ocrx_word' id='word_1_421' title='bbox 956 4057 1073 4118; x_wconf 77' lang='lat' dir='ltr'><strong>Gauron</strong></span> <span class='ocrx_word' id='word_1_422' title='bbox 1097 4053 1190 4114; x_wconf 89' lang='lat' dir='ltr'><strong>Patri-</strong></span> 
     </span>
     <span class='ocr_line' id='line_1_49' title="bbox 55 4139 1190 4224; baseline -0.005 -24"><span class='ocrx_word' id='word_1_423' title='bbox 55 4139 162 4201; x_wconf 82' lang='lat' dir='ltr'><strong>arehas</strong></span> <span class='ocrx_word' id='word_1_424' title='bbox 179 4151 249 4224; x_wconf 87' lang='lat' dir='ltr'><strong>post</strong></span> <span class='ocrx_word' id='word_1_425' title='bbox 267 4153 398 4205; x_wconf 79' lang='lat' dir='ltr'><strong>mortem.</strong></span> <span class='ocrx_word' id='word_1_426' title='bbox 438 4145 480 4206; x_wconf 86' lang='lat' dir='ltr'><strong>At</strong></span> <span class='ocrx_word' id='word_1_427' title='bbox 499 4148 528 4206; x_wconf 88' lang='lat' dir='ltr'><strong>ui</strong></span> <span class='ocrx_word' id='word_1_428' title='bbox 547 4143 642 4205; x_wconf 86' lang='lat' dir='ltr'><strong>Moses</strong></span> <span class='ocrx_word' id='word_1_429' title='bbox 662 4143 781 4204; x_wconf 72' lang='lat' dir='ltr'><strong>sonant</strong></span> <span class='ocrx_word' id='word_1_430' title='bbox 804 4159 867 4200; x_wconf 79' lang='lat' dir='ltr'><strong>ossa</strong></span> <span class='ocrx_word' id='word_1_431' title='bbox 890 4139 954 4200; x_wconf 88' lang='lat' dir='ltr'><strong>lose</strong></span> <span class='ocrx_word' id='word_1_432' title='bbox 974 4139 994 4200; x_wconf 91' lang='lat' dir='ltr'><strong>b</strong></span> <span class='ocrx_word' id='word_1_433' title='bbox 1013 4147 1190 4198; x_wconf 78' lang='lat' dir='ltr'><strong>&#39;commemo-</strong></span> 
     </span>
     <span class='ocr_line' id='line_1_50' title="bbox 54 4165 1190 4304; baseline -0.009 -19"><span class='ocrx_word' id='word_1_434' title='bbox 54 4227 104 4280; x_wconf 78' lang='lat' dir='ltr'><strong>rai</strong></span> <span class='ocrx_word' id='word_1_435' title='bbox 124 4219 217 4298; x_wconf 77' lang='lat' dir='ltr'><strong>(Gen.</strong></span> <span class='ocrx_word' id='word_1_436' title='bbox 238 4225 290 4299; x_wconf 82' lang='lat'><strong>50,</strong></span> <span class='ocrx_word' id='word_1_437' title='bbox 312 4226 383 4304; x_wconf 82' lang='lat' dir='ltr'><strong>ra.).</strong></span> <span class='ocrx_word' id='word_1_438' title='bbox 422 4223 460 4285; x_wconf 84' lang='lat' dir='ltr'><strong>Et</strong></span> <span class='ocrx_word' id='word_1_439' title='bbox 478 4165 578 4286; x_wconf 70' lang='lat' dir='ltr'><strong>dosora</strong></span> <span class='ocrx_word' id='word_1_440' title='bbox 596 4224 646 4296; x_wconf 74' lang='lat'><strong>24,</strong></span> <span class='ocrx_word' id='word_1_441' title='bbox 666 4225 714 4286; x_wconf 71' lang='lat'><strong>3¹2.</strong></span> <span class='ocrx_word' id='word_1_442' title='bbox 733 4217 862 4292; x_wconf 83' lang='lat' dir='ltr'><strong>babetur,</strong></span> <span class='ocrx_word' id='word_1_443' title='bbox 880 4218 938 4300; x_wconf 85' lang='lat' dir='ltr'><strong>Sep</strong></span> <span class='ocrx_word' id='word_1_444' title='bbox 969 4225 1000 4278; x_wconf 90' lang='lat' dir='ltr'><strong>ta</strong></span> <span class='ocrx_word' id='word_1_445' title='bbox 1019 4217 1106 4278; x_wconf 72' lang='lat' dir='ltr'><strong>lobea</strong></span> <span class='ocrx_word' id='word_1_446' title='bbox 1126 4223 1190 4275; x_wconf 86' lang='lat' dir='ltr'><strong>ossa</strong></span> 
     </span>
     <span class='ocr_line' id='line_1_51' title="bbox 54 4285 1190 4383; baseline -0.004 -25"><span class='ocrx_word' id='word_1_447' title='bbox 54 4299 182 4381; x_wconf 87' lang='lat' dir='ltr'><strong>loseph,</strong></span> <span class='ocrx_word' id='word_1_448' title='bbox 212 4305 367 4383; x_wconf 83' lang='lat' dir='ltr'><strong>praeterita</strong></span> <span class='ocrx_word' id='word_1_449' title='bbox 391 4303 509 4366; x_wconf 87' lang='lat' dir='ltr'><strong>aliorum</strong></span> <span class='ocrx_word' id='word_1_450' title='bbox 532 4305 684 4366; x_wconf 82' lang='lat' dir='ltr'><strong>mentione.</strong></span> <span class='ocrx_word' id='word_1_451' title='bbox 729 4285 914 4379; x_wconf 75' lang='lat' dir='ltr'><strong>Respondent</strong></span> <span class='ocrx_word' id='word_1_452' title='bbox 931 4297 1071 4370; x_wconf 89' lang='lat' dir='ltr'><strong>nonnulli,</strong></span> <span class='ocrx_word' id='word_1_453' title='bbox 1091 4293 1190 4355; x_wconf 84' lang='lat' dir='ltr'><strong>Mosen</strong></span> 
     </span>
     <span class='ocr_line' id='line_1_52' title="bbox 53 4373 1191 4466; baseline -0.004 -26"><span class='ocrx_word' id='word_1_454' title='bbox 53 4377 180 4442; x_wconf 79' lang='lat' dir='ltr'><strong>bonoria</strong></span> <span class='ocrx_word' id='word_1_455' title='bbox 200 4399 286 4444; x_wconf 74' lang='lat' dir='ltr'><strong>mura</strong></span> <span class='ocrx_word' id='word_1_456' title='bbox 305 4383 400 4446; x_wconf 83' lang='lat' dir='ltr'><strong>solum</strong></span> <span class='ocrx_word' id='word_1_457' title='bbox 424 4383 527 4466; x_wconf 87' lang='lat' dir='ltr'><strong>loseph</strong></span> <span class='ocrx_word' id='word_1_458' title='bbox 550 4383 710 4456; x_wconf 87' lang='lat' dir='ltr'><strong>nominare,</strong></span> <span class='ocrx_word' id='word_1_459' title='bbox 738 4379 808 4461; x_wconf 86' lang='lat' dir='ltr'><strong>quia</strong></span> <span class='ocrx_word' id='word_1_460' title='bbox 831 4377 869 4440; x_wconf 87' lang='lat' dir='ltr'><strong>de</strong></span> <span class='ocrx_word' id='word_1_461' title='bbox 890 4378 1001 4440; x_wconf 74' lang='lat' dir='ltr'><strong>orabas</strong></span> <span class='ocrx_word' id='word_1_462' title='bbox 1023 4377 1082 4438; x_wconf 87' lang='lat' dir='ltr'><strong>suis</strong></span> <span class='ocrx_word' id='word_1_463' title='bbox 1101 4373 1191 4436; x_wconf 84' lang='lat' dir='ltr'><strong>norni-</strong></span> 
     </span>
    </p>
   </div>
   <div class='ocr_carea' id='block_1_12' title="bbox 0 0 1398 4866">
    <p class='ocr_par' dir='ltr' id='par_1_13' title="bbox 0 0 1398 4866">
     <span class='ocr_line' id='line_1_53' title="bbox 0 0 1398 4866; baseline 0 7"><span class='ocrx_word' id='word_1_464' title='bbox 0 0 1398 4866; x_wconf 95' lang='lat' dir='ltr'><strong> </strong></span> 
     </span>
    </p>
   </div>
   <div class='ocr_carea' id='block_1_13' title="bbox 497 2471 1231 2534">
    <p class='ocr_par' dir='ltr' id='par_1_14' title="bbox 497 2471 1231 2534">
     <span class='ocr_line' id='line_1_54' title="bbox 497 2471 1231 2534; baseline -0.003 -1"><span class='ocrx_word' id='word_1_465' title='bbox 497 2475 655 2534; x_wconf 90' lang='lat' dir='ltr'><strong>brariornm</strong></span> <span class='ocrx_word' id='word_1_466' title='bbox 674 2479 767 2534; x_wconf 90' lang='lat' dir='ltr'><strong>ortam</strong></span> <span class='ocrx_word' id='word_1_467' title='bbox 786 2493 847 2533; x_wconf 88' lang='lat' dir='ltr'><strong>esse</strong></span> <span class='ocrx_word' id='word_1_468' title='bbox 866 2475 994 2534; x_wconf 82' lang='lat' dir='ltr'><strong>eoniioio.</strong></span> <span class='ocrx_word' id='word_1_469' title='bbox 1024 2471 1192 2532; x_wconf 88' lang='lat' dir='ltr'><strong>Resautem</strong></span> <span class='ocrx_word' id='word_1_470' title='bbox 1228 2518 1231 2524; x_wconf 45' lang='lat'><em>1</em></span> 
     </span>
    </p>
   </div>
   <div class='ocr_carea' id='block_1_14' title="bbox 394 2944 1241 3032">
    <p class='ocr_par' dir='ltr' id='par_1_15' title="bbox 394 2944 1241 3032">
     <span class='ocr_line' id='line_1_55' title="bbox 394 2944 1241 3032; baseline -0.002 -22"><span class='ocrx_word' id='word_1_471' title='bbox 394 2951 479 3032; x_wconf 83' lang='lat' dir='ltr'><strong>phari</strong></span> <span class='ocrx_word' id='word_1_472' title='bbox 496 2950 580 3012; x_wconf 80' lang='lat' dir='ltr'><strong>barba</strong></span> <span class='ocrx_word' id='word_1_473' title='bbox 602 2944 669 3010; x_wconf 42' lang='lat' dir='ltr'><strong>enm*</strong></span> <span class='ocrx_word' id='word_1_474' title='bbox 691 2953 756 3010; x_wconf 89' lang='lat' dir='ltr'><strong>loeo</strong></span> <span class='ocrx_word' id='word_1_475' title='bbox 774 2949 877 3024; x_wconf 80' lang='lat' dir='ltr'><strong>blesis,</strong></span> <span class='ocrx_word' id='word_1_476' title='bbox 901 2949 1048 3030; x_wconf 86' lang='lat' dir='ltr'><strong>probabile</strong></span> <span class='ocrx_word' id='word_1_477' title='bbox 1071 2955 1115 3008; x_wconf 83' lang='lat' dir='ltr'><strong>est</strong></span> <span class='ocrx_word' id='word_1_478' title='bbox 1138 2949 1190 3008; x_wconf 87' lang='lat' dir='ltr'><strong>fal-</strong></span> <span class='ocrx_word' id='word_1_479' title='bbox 1238 2955 1241 2958; x_wconf 83' lang='lat'>&#39;</span> 
     </span>
    </p>
   </div>
  </div>
 </body>
</html>
