2838 4848
171 273 231 336 132
554 256 595 324 ΙΝ
612 256 761 332 uulua:
775 258 907 326 lOANN.

172 385 273 445 bemus
292 400 390 444 omnes
409 375 633 460 sduuspartes:
651 378 722 440 nihil
795 377 865 454 dest,
885 377 910 438 si
923 395 961 438 ex
974 377 1143 462 anaorlgtne
1157 381 1299 447 'etnatura

172 465 344 538 aestimetur,
366 478 459 540 neque
478 459 556 519 enim
574 461 662 519 vitam
682 479 717 519 co
748 464 792 518 ert
809 457 941 519 Abrahae
966 477 1072 534 ιιιι,
1096 463 1179 541 qnod
1196 483 1251 544 pm·
1269 484 1302 525 ω
1413 471 1414 496 ;

171 544 259 606 morti
277 547 320 602 est
338 538 504 614 obnoxium,
529 538 580 598 sed
599 558 616 598 a
635 537 745 620 Spiritu
763 538 865 618 accipit
884 537 1031 597 undenos
1050 547 1159 620 pascat.
1200 541 1302 622 Quare

170 701 241 782 Quo
288 704 384 759 autem
407 697 479 758 adeo
504 699 616 758 canusa
635 703 678 774 est
696 696 851 780 sententiae
875 695 1014 772 brevitas,
1039 699 1175 761 credibile
1198 709 1245 762 est
1268 701 1301 762 id

170 783 277 843 lactum
295 796 367 851 esse,
386 778 513 858 quiaqsic
532 775 672 857 agendum
690 795 753 836 esse
771 774 891 835 ducebat
903 773 1033 835 Christus
1053 796 1120 839 cum
1137 781 1300 841 incredulis.

170 859 247 942 Ergo
266 855 322 917 hac
340 857 465 917 clausula
485 859 566 938 quasi
585 875 744 916 samonem
759 854 884 950 abrupit,
908 873 974 935 qma
993 855 1103 951 undrgm
1120 864 1204 918 erant
1222 859 1300 941 apud

169 957 243 1158 {li
255 934 1149 1112 ttpttttttdttt..tttffilttstltttttt
1158 938 1298 1101 66ᾭὲ

166 1095 449 1240 6666611861,
455 1095 593 1256 illis?
594 1094 1179 1254 ‘ttttttttttsttt.⁸tttt
1192 1117 1298 1256 lili?

167 1263 216 1317 tus
235 1263 305 1332 erat,
324 1255 465 1338 eleganter
483 1254 540 1314 hoc
559 1253 595 1314 ad
615 1253 772 1313 doctrinam
792 1271 872 1312 suam
886 1253 1031 1329 transfert,
1070 1253 1127 1314 uod
1140 1256 1296 1336 spiritualis

166 1337 214 1397 sit.
243 1334 317 1396 Nam
336 1355 394 1396 vox
414 1341 545 1418 spir-itm
562 1335 593 1394 in
613 1333 783 1392 adiectivum
801 1331 905 1394 resolvi
925 1332 1018 1392 debet.
1050 1273 1144 1393 tll’orro
1163 1335 1293 1414 spiritua-

166 1415 202 1476 lis
221 1422 342 1476 vocatur
359 1433 461 1490 sumo,
481 1415 531 1494 qui
548 1431 602 1473 nos
622 1431 735 1472 sursum
753 1411 862 1484 invitat,
881 1417 914 1471 ut
933 1410 1080 1472 Christum
1099 1412 1172 1472 duee
1183 1411 1295 1494 Spiritu

166 1491 233 1569 fide,
253 1513 312 1555 non
331 1495 423 1554 carnis
442 1512 527 1554 sensu
545 1494 575 1553 in
595 1492 709 1552 coelesti
728 1509 780 1550 sua
799 1491 889 1570 gloria
961 1510 1085 1552 eramus:
1105 1493 1296 1554 seimusenim

166 1593 267 1635 eorum
287 1591 360 1654 quae
379 1573 452 1633 dieta
470 1579 537 1633 sunt
555 1571 627 1633 nihil
646 1572 703 1637 nist
717 1569 774 1630 fide
794 1589 877 1650 comp
929 1569 1004 1630 endi.
1033 1569 1079 1632 Ac
1093 1578 1195 1633 notatu
1209 1574 1294 1632 ctiam

166 1653 286 1736 dignum
314 1660 357 1714 est
386 1651 463 1733 quod
485 1653 575 1712 vitam
600 1671 665 1712 cum
683 1642 796 1731 Spiritu
819 1651 972 1710 connectit.
1018 1648 1116 1712 Vitam
1136 1651 1171 1711 ab
1192 1653 1294 1712 ellectu

168 1734 298 1792 nominat
316 1751 473 1792 sermonem
493 1751 585 1804 suum,
605 1732 687 1812 quasi
705 1728 864 1790 vivificum:
883 1729 934 1789 sed
952 1729 1097 1790 vivificum
1111 1732 1217 1791 nemini
1231 1731 1294 1790 loro

169 1811 263 1888 docet⁹
286 1811 341 1871 nisi
359 1831 376 1871 a
395 1831 453 1892 quo
473 1811 652 1891 spiritualiter
669 1810 832 1904 percipitur,
854 1827 922 1868 nam
945 1807 993 1870 olii
1016 1810 1081 1870 inde
1099 1817 1222 1870 mortem
1239 1829 1294 1890 po·

169 1891 227 1950 tius
256 1890 394 1950 haurient.
441 1889 467 1953 A
489 1891 529 1949 ud
551 1891 614 1970 pios
637 1890 835 1949 suavissrmum
857 1887 915 1949 hoe
932 1886 1078 1970 Evangelii
1095 1889 1220 1970 elogium
1237 1894 1293 1963 est,

169 1969 250 2050 quod
268 1971 339 2030 certi
357 1974 424 2029 sunt
443 1911 495 2030 sigi
513 1969 543 2028 in
561 1975 704 2030 octauam
722 1969 841 2029 salutem
861 1967 1031 2028 destinatum
1049 1987 1125 2030 csse:
1144 1967 1230 2028 simul
1248 1973 1293 2027 ta-

168 2068 236 2108 mn
253 2055 405 2110 monentur
422 2055 457 2109 ut
474 2049 590 2110 idoneos
610 2069 642 2109 se
659 2048 812 2129 discipulos
866 2047 966 2114 aebcre
984 2047 1124 2109 studeant.

247 2128 295 2190 64.
334 2129 394 2189 Sed
414 2136 483 2190 sunt
505 2130 625 2210 potatam
647 2149 685 2188 ea·
707 2129 795 2188 codis.
860 2147 944 2188 ursus
963 2127 1078 2210 culpam
1096 2129 1152 2189 illis
1170 2125 1293 2203 ascrr'lril,

162 2204 244 2288 quod
263 2203 372 2287 Spiritu
390 2208 474 2267 vacui
492 2206 650 2267 doctrinam
673 2226 755 2267 suam
777 2206 853 2268 male
871 2213 1054 2302 corrumpant
1072 2226 1107 2266 ac
1125 2207 1293 2287 depravent,

162 2293 194 2346 et
213 2285 270 2346 hoc
288 2285 375 2346 modo
393 2292 508 2346 vertant
526 2285 577 2346 sibi
596 2288 627 2345 in
646 2287 773 2346 exitium.
797 2283 933 2346 Poterant
952 2305 1027 2345 enum
1040 2286 1146 2365 alioqui
1157 2285 1289 2359 obiicere,

161 2363 209 2426 Tu
229 2366 344 2444 quidem
362 2365 508 2427 vivificum
527 2383 588 2425 csse
606 2366 694 2425 iactas
754 2363 792 2424 od
810 2363 945 2445 loqueris,
963 2364 1012 2424 sed
1025 2364 1095 2426 null
1108 2365 1165 2424 talc
1177 2364 1290 2445 experi-

161 2464 238 2506 mur.
276 2443 356 2504 Dicit
374 2463 443 2526 crgo
462 2445 526 2504 illos
546 2443 599 2504 sibi
617 2463 680 2504 esse
699 2386 854 2520 offuscato,
873 2463 939 2504 uam
958 2444 1147 2519 incredulitas,
1165 2449 1205 2502 ut·
1217 2461 1291 2502 senr-

161 2542 216 2604 per
234 2528 279 2582 est
297 2523 425 2603 superba,
444 2523 515 2584 nilril
534 2543 661 2602 unqrram
781 2530 845 2585 etur
863 2525 892 2582 in
910 2523 1006 2584 verbis
1016 2522 1121 2584 Christi
1135 2541 1210 2604 quae
1223 2529 1307 2583 con-'

160 2603 293 2683 temptim
313 2602 439 2681 despicit.
467 2600 544 2739 Erdgo
563 2603 587 2661 si
607 2603 676 2683 quid
695 2624 747 2684 pro
769 2622 833 2664 cere
851 2603 980 2684 cupimus
999 2602 1052 2662 snb
1070 2602 1128 2663 lroc
1146 2603 1292 2682 magistro,

160 2683 272 2741 animos
291 2681 328 2740 ad
346 2681 441 2760 ipsum
459 2699 497 2740 au
517 2681 629 2742 lendum
647 2683 702 2743 rite
720 2683 893 2762 compositos
907 2683 1070 2743 struamus:
1088 2679 1291 2742 nisienimlru-

161 2759 267 2820 rnllitas
285 2765 316 2819 et
333 2760 491 2820 reverentia
509 2759 617 2822 aditum
635 2763 697 2822 eius
717 2761 861 2829 doctrinae
880 2761 1039 2841 patefaciat,
1058 2767 1290 2821 mentasuostrao

160 2839 227 2978 plus
353 2857 455 2899 saxeae
474 2846 548 2913 sunt,
567 2859 621 2900 nec
641 2841 728 2900 ullam
747 2859 832 2900 sanae
852 2839 996 2902 doctrinae
1009 2847 1119 2922 partem
1133 2841 1289 2901 admittent.

185 2917 249 2978 roin
268 2917 373 2996 equod
386 2925 446 2977 tam
455 2919 574 2998 exiguus
583 2919 667 2980 hodie
676 2917 822 3000 Evangelii
836 2919 982 3000 profectus
995 2923 1119 2982 cernitur
1131 2921 1162 2980 in
1172 2919 1290 2992 mundo,

159 2997 369 3057 mendnerimus
388 2996 535 3058 hominum
553 3001 692 3079 pravitate
710 3000 845 3060 accidere.
884 2998 959 3059 Nam
1019 3006 1084 3060 otus
1102 3001 1224 3080 quisquc
1243 3005 1288 3056 est

202 3075 210 3092 ‘
231 3077 284 3136 sibi
303 3079 466 3137 renuntians
482 3077 597 3139 Christo
616 3099 684 3140 vere
703 3099 734 3140 se
754 3079 883 3138 addicat?
912 3077 990 3158 Quo
1019 3086 1130 3140 tantum
1149 3078 1288 3158 quosdam

181 3155 228 3213 ‘cit
250 3175 312 3232 esse
340 3156 515 3233 incredulos,
544 3179 633 3238 quum
656 3159 713 3218 hoc
732 3159 839 3218 crimen
857 3158 918 3218 fere
936 3157 966 3218 in
985 3177 1085 3219 omnes
1105 3161 1288 3238 competeret,

91 3261 92 3264 ¹
159 3232 258 3293 iecisse
286 3235 350 3294 idco
380 3237 508 3310 videtur,
535 3257 573 3298 ne
599 3240 622 3298 si
641 3239 691 3318 qui
711 3237 805 3297 adhuc
823 3245 918 3297 essent
937 3238 1075 3306 sanabiles
1094 3237 1143 3296 des
1180 3237 1290 3296 rationo

158 3312 268 3372 animm
287 3311 450 3374 obiicerent.
478 3317 611 3377 Noverat
630 3327 706 3380 enim
726 3317 877 3377 altuino.
906 3315 970 3376 Hoc
989 3317 1053 3378 ideo
1073 3317 1137 3376 addi
1157 3318 1180 3376 it
1193 3314 1287 3376 Evan-

147 3445 152 3458 ,
178 3392 268 3467 elicta,
286 3411 325 3454 ue
344 3393 407 3472 quis
426 3400 509 3474 putet
528 3402 633 3456 temere
651 3395 788 3456 iudicasse
802 3395 950 3456 Christum
969 3397 1005 3457 dc
1024 3399 1082 3457 suis
1101 3393 1284 3456 auditoribus.

157 3413 241 3532 {tutu
260 3491 291 3532 sc
310 3491 348 3532 ex
367 3473 427 3533 eius
497 3493 532 3554 gc
551 3494 612 3534 esso
629 3474 848 3556 profitebantur,
878 3483 907 3536 at
932 3475 1024 3535 subita
1048 3474 1165 3534 delectio
1190 3471 1285 3552 hypo·

156 3553 242 3612 crisin
262 3551 377 3612 detexit.
406 3492 585 3614 sffiorum
603 3553 761 3634 perfidiam,
781 3575 870 3634 quum
889 3555 982 3614 adhue
1001 3555 1061 3614 aliis
1075 3550 1286 3624 occulta-foret,

157 3628 274 3693 Christo
293 3637 391 3691 notam
410 3631 496 3692 fuisse
515 3630 694 3712 Evangelista
714 3633 796 3693 dicit:
821 3635 907 3714 idque
925 3641 1061 3694 nontam
1079 3630 1168 3711 ipsius
1187 3647 1286 3704 causa,

155 3729 243 3788 quam
263 3717 296 3769 ut
314 3711 456 3770 discamus
476 3707 611 3770 iudicium
629 3712 781 3773 nanterre
800 3715 854 3772 nisi
873 3714 908 3773 dc
928 3714 1012 3773 rebus
1030 3711 1102 3772 benc
1116 3709 1284 3791 compertisr

154 3807 223 3925 tlt
241 3789 321 3928 qtil
340 3788 1286 3948 ttcutttt⁰ttvt;.tt..⁶ttttt.auuttu

154 3962 216 4019 res,
241 3947 413 4025 suspendere
432 3947 566 4007 tucidum
586 3947 680 4022 decet,
700 3948 792 4009 donec
810 3953 935 4012 externis
954 3953 1043 4034 signis
1063 3970 1094 4010 sc
1112 3947 1215 4031 prodat
1233 3947 1284 4006 im·

154 4023 245 4104 pictas
264 4031 351 4106 atque
370 4028 409 4088 ita
428 4025 514 4086 arbor
532 4045 550 4086 a
568 4023 704 4087 fructibus
724 4037 881 4120 crematur.

244 4126 297 4196 65.
319 4125 363 4195 Et
384 4128 471 4211 dixit,
493 4127 661 4220 Propterea
683 4129 748 4197 dixi
769 4129 878 4218 vobis·
894 4133 982 4224 quod
1003 4155 1101 4202 nemo
1118 4125 1284 4224 potestve

152 4231 220 4300 nire
248 4232 378 4317 adme,
405 4232 466 4300 nisi
492 4233 536 4301 illi
557 4235 649 4303 fuerit
671 4237 780 4327 datum
800 4262 818 4306 a
841 4236 932 4309 Patre
954 4261 1038 4306 meo.
1083 4237 1137 4305 66.
1170 4233 1221 4302 Ex
1243 4256 1284 4301 co

155 4335 335 4405 multicias
357 4337 500 4429 discipuli
522 4339 664 4410 abierunt
684 4353 785 4430 retro,
818 4367 878 4413 nec
904 4344 1041 4436 amplius
1063 4366 1138 4412 cum
1160 4364 1200 4410 co
1221 4361 1284 4406 am-

158 4437 311 4508 tulabaut.
355 4441 408 4508 67.
435 4441 526 4510 Dixit
549 4469 623 4538 ergo
645 4447 732 4518 lesus
753 4448 830 4541 ipsis
853 4449 1036 4535 duodecin,
1057 4445 1146 4515 Num
1168 4455 1201 4516 ot
1222 4463 1283 4540 vos

171 645 225 686 nos
243 638 359 759 putoque
377 624 411 679 ut
429 617 464 678 ab
482 637 518 679 ea
537 637 604 679 vers
623 619 742 690 alamur,
770 617 915 696 spiriusale
938 615 1006 676 fidei
1029 637 1062 678 os
1085 621 1188 682 afferre
1207 623 1299 684 decet.
1413 647 1414 652 ¹
