2838 4848
67 299 83 309 ,,
164 231 227 298 ras.
548 218 588 284 m
605 219 748 286 evaso.
766 219 898 285 roano.
936 166 941 179 ¹

163 351 273 407 tantm
291 357 354 403 csse
371 337 532 402 lromtnlhns
549 341 702 420 ingenitam
721 337 891 420 superbiam,
906 333 1110 400 utubibrsuls
1120 337 1303 406 visitantes,
1415 349 1416 352 ’

165 426 279 486 diantur
295 441 330 482 ac
347 411 496 513 plaudanb
512 437 606 514 neque
624 421 699 480 enim
717 416 880 514 reprehensi
898 416 1152 494 excandescerent,
1170 422 1227 481 nisi
1246 425 1288 482 ni·

107 552 110 558 .
164 506 224 566 mio
243 503 288 564 sni
305 518 401 561 amore
420 517 498 558 coeca
516 498 569 559 sibr
588 498 769 560 adularentur
787 517 818 558 ur
856 496 958 578 ropriis
976 497 1066 573 malis,
1085 499 1290 568 imoinhomi.

164 603 237 646 num
253 581 328 642 vitiis
347 578 530 658 praecipuum
548 584 578 640 ct
600 579 724 639 maxime
747 578 815 638 exi'
843 596 861 636 c
884 581 928 636 est
950 575 1039 638 lotus
1063 585 1093 638 et
1117 582 1291 661 arrogantia.

165 661 252 724 Solus
270 659 391 740 Spiiitns
409 677 463 718 nos
482 658 680 730 mansuefacit,
709 663 742 716 ut
766 655 1000 736 reprehensiones
1023 656 1133 737 placide
1151 658 1295 735 ieramns‚·

165 743 292 822 adeoque
310 757 364 798 nos
383 743 485 818 sponte
504 739 656 798 oderamus
673 734 819 816 Evangelii
837 735 931 816 gladio
950 736 1125 798 mactandos.

27 925 29 935 Ι
164 869 171 888 =
250 842 284 909 9.
325 838 413 908 Haec
432 850 540 908 autem
561 862 662 930 quum
682 837 811 907 dixisset
838 837 913 922 illis,
940 838 1058 907 mansit
1084 839 1118 908 in
1144 839 1291 910 Galilaea.

160 949 218 1019 10.
261 947 371 1034 Quum
392 957 497 1014 autern
518 943 730 1014 ascendissent
745 943 853 1014 iratres
868 944 945 1028 eius,
966 955 1044 1015 tunc
1060 956 1093 1014 et
1110 945 1178 1038 ipse
1189 971 1294 1015 ascen·
1415 941 1416 946 ’

106 1071 111 1076 “
165 1055 211 1124 dit
231 1055 276 1134 ad¹
292 1053 376 1120 diern
397 1052 521 1126 festum.
542 1075 609 1120 non
629 1051 742 1142 palam,
762 1050 820 1120 sed
835 1049 936 1142 qnasi·
950 1049 983 1117 in
1007 1052 1142 1122 occulto.
1177 1052 1294 1120 11.1u·

166 1158 235 1230 daei
256 1183 330 1252 ergo
353 1157 542 1249 quaerebant
562 1179 637 1225 eum
658 1156 691 1223 in
714 1157 764 1224 die
786 1157 882 1240 testo,
911 1179 947 1225 ac
969 1155 1128 1244 dicebant,
1155 1157 1218 1224 Ubi
1246 1167 1295 1226 est

62 1286 65 1294 '
164 1267 240 1336 ittet
263 1267 315 1334 12.
336 1263 380 1332 Et
400 1265 544 1331 murmur
565 1261 701 1332 multum
724 1263 763 1332 dc
784 1261 854 1354 ipso
877 1273 942 1331 erat
962 1261 996 1330 in
1017 1263 1131 1330 turbisa
1153 1262 1206 1330 hic
1228 1262 1293 1354 qui·

118 1451 125 1468 ⁶
167 1373 243 1442 dem
263 1371 420 1454 dicebant,
449 1369 560 1436 Bonus
581 1370 645 1452 est,
666 1368 717 1436 alii
738 1378 844 1436 autern
866 1367 1024 1452 dicebant,
1050 1369 1139 1452 Non,
1166 1368 1224 1437 sed
1246 1390 1282 1436 se

168 1479 257 1548 ducit
276 1478 410 1546 turbam.
445 1476 497 1542 13.
520 1473 623 1544 Nemo
645 1484 752 1546 mmeo
771 1473 875 1568 palam
896 1472 1084 1584 loquebatur
1103 1473 1143 1543 de
1165 1497 1204 1545 eo
1221 1497 1301 1578 pro-q

167 1595 238 1679 pter
258 1595 379 1653 metum
399 1582 595 1650 Iudaeorum.

246 1696 276 1758 9.
295 1696 415 1756 Mansit
432 1701 466 1754 in
487 1694 629 1754 Galilaea.
654 1679 709 1750 ttic'
727 1686 763 1750 ab
782 1669 839 1750 nna
857 1695 938 1772 parte
956 1687 1036 1752 Evan
1154 1686 1207 1750 snb
1227 1707 1295 1750 ocu·

168 1775 203 1838 lis
221 1775 303 1835 nobis
322 1775 421 1834 stahrit
439 1771 544 1832 Christi
563 1777 708 1852 cognatos,
727 1769 778 1850 qui
796 1767 853 1830 Dei
872 1771 982 1831 cultum
1070 1772 1112 1830 ari
1130 1789 1211 1830 more
1246 1787 1296 1831 rae

168 1875 200 1917 se
218 1846 334 1929 ierunt,⁴
348 1853 399 1912 sed
417 1858 511 1913 mmen
529 1852 622 1934 impiis
641 1855 709 1911 sunt
727 1849 812 1909 amici
830 1857 917 1930 atque
935 1850 1001 1912 ideo
1019 1869 1119 1912 eccum
1137 1848 1201 1908 amb
1234 1854 1292 1909 ant.

168 1933 215 1997 Ab
235 1934 323 1994 altera
341 1939 421 2014 parte
441 1931 586 1992 Christum
605 1933 714 2012 ipsum,
733 1929 784 2010 qui
802 1930 909 1990 mundo
929 1949 1033 1992 exosus
1053 1929 1127 1990 clam
1145 1929 1176 1990 in
1193 1927 1304 1988 urbem

169 2014 256 2156 pp
275 2010 470 2154 ‘torsit
480 2009 838 2152 ‘amaa
849 2009 1162 2151 mance
1183 2005 1298 2150 lm

169 2113 302 2236 morehel
320 2177 429 2232 constat
447 2110 614 2232 uqucapfisw
633 2132 854 2232 reumoemus.'
1047 2109 1106 2172 pn
1126 2107 1183 2171 qm
1312 2215 1315 2220 .

250 2257 299 2316 11.
318 2253 426 2314 Iudaei
442 2273 516 2334 ergo
534 2251 709 2334 quoewdnnt
725 2271 799 2310 οιιιιι.
838 2247 894 2310 Hic
911 2243 1144 2310 considerandum
1163 2252 1208 2308 cst
1227 2265 1297 2328 qna·

170 2331 208 2396 lis
221 2332 305 2394 luerit
313 2329 456 2392 Ecclesiae
475 2335 575 2390 statua
603 2329 677 2390 Nam
686 2328 782 2388 ludaei
800 2327 850 2388 illo
869 2335 998 2410 tempore
1015 2334 1153 2408 unquam
1171 2326 1297 2390 famelici

172 2414 328 2496 promissae
345 2411 532 2491 redemptioni
550 2409 708 2470 initiaberis
726 2415 823 2474 tamen
842 2429 932 2490 quum
949 2408 1006 2470 illis
1024 2413 1141 2504 apparet
1154 2406 1317 2482 Christus..

46 2528 65 2562 „x
173 2492 302 2573 suspensi
325 2489 454 2562 haerent:
484 2491 551 2550 binc
574 2489 725 2552 contusum
747 2488 818 2549 illud
840 2509 970 2549 murmur
998 2493 1028 2549 et
1050 2506 1122 2548 rarrr
1145 2505 1298 2548 sermonen

175 2570 263 2650 Quod
282 2569 441 2629 clanculum
460 2575 614 2645 assumant
633 2569 747 2708 ιιίῗιιιιιιι
765 2575 810 2630 est
828 2567 985 2648 tyrannidis
994 2587 1082 2648 quarn
1100 2566 1154 2627 sibi
1172 2585 1300 2648 sumpse·

667 2647 779 2708 ombile
799 2653 874 2709 certe
892 2647 1065 2728 exemplum,
1084 2667 1176 2727 (Ῑιιιιιιι
1194 2647 1244 2707 illa
1263 2665 1300 2706 eo

174 2657 240 2712 rant
258 2649 418 2710 sacerdotes
436 2654 467 2706 et
485 2647 600 2708 scribae.

175 2737 304 2810 ternpore
324 2727 406 2786 noica
425 2726 510 2787 fuerit
528 2729 645 2789 ecclesia
664 2730 695 2788 in
713 2727 805 2802 terris,
825 2727 873 2788 hic
890 2727 972 2788 nobis
990 2729 1114 2808 proponi
1133 2727 1214 2792 velut
1231 2745 1299 2786 con-

60 2878 63 2894 ,
176 2810 274 2872 tusum
292 2812 322 2867 et
339 2806 461 2866 inlormc
480 2807 576 2868 cbaos.
615 2806 676 2886 Qui
694 2814 830 2889 praesunt
848 2814 994 2890 pastorum
1013 2807 1080 2868 loco
1098 2813 1178 2868 metu
1195 2813 1226 2868 et
1243 2813 1300 2865 ter·

176 2907 248 2984 rore·
261 2905 428 3024 oppressuros
445 2892 543 2948 tenui
565 2889 719 2970 populum,
746 2887 777 2948 in
799 2892 863 2983 toto
887 2905 1007 3026 corpore
1028 2885 1114 2982 foeda
1132 2887 1250 2982 restitas
1269 2891 1299 2946 et

177 2973 264 3030 trrstn
308 2973 441 3046 rssrpatro.
489 2964 546 3028 Per
564 2971 692 3028 Iudaeos
715 2985 906 3048 promiscuam
923 2966 1036 3050 pchem
1054 2966 1199 3048 mtellrgit,
1227 2983 1301 3062 qpae

2 3039 3 3082 t
131 3125 134 3131 Ι
176 3049 235 3112 iarn
254 3064 272 3106 a
289 3045 400 3108 duobus
420 3046 500 3130 annis
523 3047 560 3107 ad
584 3046 755 3108 audiendum
778 3045 926 3109 Christum
949 3051 1059 3108 assueta
1083 3065 1151 3108 cum
1174 3049 1301 3124 reqnmt,

178 3125 292 3209 qnando
311 3144 349 3186 ex
366 3145 446 3186 more
464 3145 523 3186 non
541 3134 666 3209 apparet.
685 3125 780 3196 ,Nam
800 3145 890 3207 qunnr
909 3126 1020 3200 dbrmt,
1038 3127 1088 3188 adt
1107 3133 1150 3187 eat
1167 3127 1231 3186 illel
1249 3143 1302 3184 no·

177 3215 242 3270 om
260 3205 403 3266 bominem
422 3205 575 3286 designant,
594 3213 623 3268 ct
641 3213 806 3267 tamcnvox
822 3207 877 3266 ista
896 3205 1017 3266 ostendit
1034 3224 1095 3268 non
1108 3205 1195 3268 luisse
1208 3204 1304 3266 hacte-

178 3307 234 3350 aus
253 3287 326 3346 serio
345 3285 475 3359 allectos,
494 3293 525 3346 et
544 3306 655 3368 semper
674 3286 820 3366 ambiguos
838 3286 967 3426 pgndcre.

820 3385 840 3426 u
859 3385 885 3426 rc

258 3370 307 3428 12.
326 3367 472 3426 Mamor
489 3369 620 3428 modom.
645 3365 802 3448 Significat,
885 3384 980 3446 unque
997 3363 1144 3426 turmatim
1162 3381 1193 3424 sc
1211 3361 1302 3422 homi-

180 3464 231 3510 nes
250 3444 446 3542 aggregabant,
466 3451 500 3506 nt
517 3445 580 3542 lieri
592 3446 666 3508 solet
675 3448 706 3510 iu
719 3447 828 3527 magnis
838 3444 1031 3519 conventibus,
1050 3444 1233 3538 dmcolarios
1242 3459 1301 3536 ser·

180 3547 280 3588 mones
299 3523 458 3586 dernsto
477 3523 588 3586 habitos
606 3526 702 3588 luisse.
731 3525 878 3588 Dissensio
897 3543 970 3621 quac
994 3525 1041 3586 bic
1058 3524 1179 3584 retertur
1196 3520 1302 3582 mdrcro

180 3615 235 3682 est,
253 3626 312 3668 non
330 3624 391 3665 csse
410 3625 518 3666 norum
536 3604 593 3666 hoc
610 3607 725 3681 malum,
743 3612 779 3667 ut
796 3606 874 3666 baria
892 3612 949 3666 smt
967 3605 1003 3664 de
1021 3603 1134 3664 Christo
1152 3601 1304 3660 honrinum
1415 3667 1416 3670 Ἴ

182 3687 286 3747 indicia
303 3687 389 3746 etiam
406 3685 437 3746 in
455 3685 548 3745 medio
557 3684 698 3746 Ecclesiae
717 3683 790 3745 sinn.
819 3683 1014 3746 &cubantem
1023 3684 1168 3744 Christum
1176 3681 1305 3760 recipcre

182 3783 243 3826 non
254 3764 430 3836 dubitamus,
450 3764 500 3844 qni
518 3764 627 3844 pridem
646 3763 795 3824 damnatus
814 3771 859 3825 est
876 3765 1026 3826 amaxima
1036 3764 1125 3844 gentis
1135 3779 1204 3822 suae
1213 3765 1307 3841 parte,-

184 3844 226 3903 ita
243 3862 296 3918 nos
315 3843 458 3904 eiusmodi
489 3843 608 3904 raesidio
626 3843 749 3904 munitos
768 3863 830 3904 esse
849 3843 944 3918 decet,
969 3863 1007 3904 nc
1024 3842 1166 3903 hodiernis
1185 3839 1307 3900 dissidiis

185 3921 339 3983 oriemur.
381 3864 494 3985 Deintih
517 3929 622 4002 quanta
645 3923 683 3982 sit
705 3923 736 3982 in
754 3921 838 3982 rebus
857 3922 958 3984 divinis
983 3923 1131 3985 bominum
1156 3921 1309 3992 temeritas.

120 4049 124 4054 .
187 4006 315 4140 ⁴spectaro
332 4001 406 4062 licet.
445 4001 479 4062 ln
498 4003 615 4062 minimo
632 4003 752 4082 negotio¹
765 4021 824 4062 non
841 4002 882 4063 ita
900 4003 1019 4064 inissem
1037 4001 1190 4074 licentiosi,
1209 3997 1307 4061 alubi

208 4078 315 4140 eFilio
332 4078 389 4140 Dei
407 4087 437 4140 et
457 4087 634 4142 sacmsamta
652 4083 711 4140 ¹eins
731 4081 858 4144 doctrina
876 4084 996 4142 vertitur
1005 4078 1307 4163 qrracstimcaiemplo
1415 4143 1416 4156 χ

188 4158 323 4224 iudicium
340 4161 533 4255 praecipitant.
556 4158 640 4239 *Quo
659 4160 749 4222 maior
767 4161 848 4222 nobis
867 4161 1006 4224 servanda
1023 4167 1068 4222 est
1086 4159 1253 4233 moderatio,
1270 4175 1309 4218 ne
1415 4213 1416 4218 ,

189 4239 392 4302 inconsiderata
418 4245 507 4302 vitam
528 4247 655 4302 nostram
677 4259 743 4302 oum
767 4248 880 4302 aeterra
902 4240 960 4302 Dei
987 4241 1108 4303 veritate
1136 4240 1309 4302 damnemus.
1411 4239 1416 4248 ”

191 4315 303 4460 gpp'dp
321 4338 374 4414 ppo
392 4317 592 4416 impostoribus
610 4337 664 4416 nos
681 4319 804 4417 mundus
822 4317 914 4396 babel,
933 4320 1145 4383 meminerimus
1163 4319 1235 4380 haec
1248 4333 1311 4378 csso

315 4405 456 4483 sagnam
475 4399 560 4502 modo
578 4403 1186 4484 mtermrerpsanospraestemmreraces
1207 4396 1310 4462 Osten-
