2786 4866
544 201 754 288 urrunnu
1150 229 1206 290 rur

88 367 146 410 nou
165 333 378 479 est'probabilo'
393 335 471 395 culus
495 333 595 418 regalis
621 337 674 398 luit
697 339 849 414 iustitutto;
878 339 927 400 red
952 341 1080 422 ingenuis
1104 337 1210 425 artabus

120 429 174 486 isse
193 427 231 483 lm
243 427 341 480 rutum.
909 475 915 488 ,
1207 438 1211 447 ·

88 429 120 488 fu
165 507 242 566 Erbt
260 507 365 582 poteras
383 503 415 556 iu
434 499 618 558 romoaldum.
643 485 738 558 'llaee
762 497 890 580 loquutio
911 497 1043 560 Hebraeis
1069 499 1210 581 duplitiem

87 583 288 670 praestantiam
308 575 462 656 siguificat,
488 575 556 634 dum
575 577 599 636 is
619 579 669 658 qui
687 577 800 660 ingenio
820 581 908 660 pollet
928 600 963 640 ac
980 581 1106 641 doctrina
1126 580 1210 642 simul

88 669 171 726 etiam
192 661 228 724 ad
247 679 293 719 res
311 655 471 738 praeclaras
488 657 621 734 gerendas
642 665 726 736 aptus
746 665 797 718 est.
848 657 982 740 lrrtelligil
1001 681 1069 740 ergo
1088 659 1211 742 Stephaf

87 738 140 802 nus
155 739 255 800 Mosen
275 737 346 796 raris
366 732 478 792 dotibus
496 735 582 794 luisse
600 736 779 810 instructum,
799 743 831 798 ut
852 759 949 798 omnes
968 742 1102 802 eximium
1124 761 1210 820 quen-

88 823 154 882 dam
173 822 268 880 virum
287 833 303 875 a
324 818 480 881 noscerent,
508 811 659 874 Caeterum
678 834 767 896 quum
787 817 837 876 tali
856 819 885 876 in
906 819 996 898 pretio
1015 827 1098 896 esset,
1117 821 1210 880 minus

90 903 151 983 spei
171 897 290 958 dabutur
305 837 439 954 lsraelitis
460 908 521 954 eam
540 895 739 975 redemptionis
757 895 820 955 fore
839 899 1006 972 ministrum.

66 1015 70 1022 -
170 982 218 1040 ‘23
253 983 346 1050 Qum
365 975 510 1113 impmllm
528 985 599 1034 esset
620 985 738 1056 tempas.
778 973 847 1036 Inde
866 977 949 1038 multi
968 977 1129 1053 contitinet,
1149 972 1209 1038 Μο-

94 1079 144 1118 sen
173 1074 316 1138 nunquam
339 1055 433 1112 animo
485 1054 577 1112 'enum
602 1053 689 1114 fuisse
714 1075 730 1113 a
751 1062 833 1134 gente
858 1075 923 1130 sua,
953 1073 1053 1116 verum
1074 1057 1211 1140 Stepbartl

94 1137 182 1196 verba
200 1138 231 1194 in
250 1135 387 1193 diversam
406 1139 510 1214 partem
530 1133 618 1212 magis
638 1133 782 1208 inclinant,
804 1137 879 1216 quod
895 1135 1000 1195 scilieet
1015 1139 1141 1198 animum
1151 1141 1212 1198 eius

95 1217 218 1290 tandem,
237 1215 316 1273 velut
335 1233 351 1273 e
371 1208 481 1285 suurnpq
495 1211 658 1272 excitaverit
668 1211 789 1294 Spiritus
799 1211 864 1288 bet,
883 1220 919 1274 ut'
935 1210 1035 1276 iratres
1055 1217 1103 1277 diu
1118 1211 1213 1300 aegla-¹

14 1323 15 1326 ¹
97 1304 158 1357 etos
177 1295 316 1370 inviseret.
358 1291 482 1370 Originis
497 1291 612 1370 quidem
637 1311 705 1350 suae
726 1312 784 1352 uon
804 1293 892 1356 fnisse
912 1297 1040 1376 ignarum
1060 1295 1212 1357 verisimile

95 1381 152 1448 est,
181 1375 260 1434 euius
285 1379 382 1432 notam
406 1373 435 1429 in
460 1387 538 1473 opine
561 1391 612 1430 sua
631 1370 759 1452 gestabat
777 1379 808 1431 et
826 1374 906 1432 cuius
926 1369 1024 1433 rumor
1042 1373 1213 1438 volitaverut

93 1459 123 1515 in
144 1454 216 1527 aula,
237 1455 304 1534 quia
323 1451 396 1530 regis
415 1449 474 1509 lilia
487 1449 546 1509 sine
566 1449 663 1534 flagitii
682 1451 842 1532 suspicione
862 1473 919 1512 non
939 1461 1050 1536 poterat
1065 1475 1131 1516 eum
1146 1457 1224 1524 ado·¹

91 1541 175 1616 piare
194 1535 249 1592 nisi
269 1551 358 1614 genus
378 1536 549 1610 compertum
568 1538 650 1590 essct.
699 1527 759 1588 Diu
785 1537 880 1591 tamen
903 1552 962 1592 non
982 1534 1035 1592 luit
1054 1529 1165 1594 tantuna
1183 1538 1213 1594 in

92 1635 129 1674 eo
159 1615 260 1688 animi,
289 1619 323 1670 ut
351 1611 517 1690 cognationis
547 1627 615 1672 suae
639 1623 764 1670 amorem
788 1611 882 1694 palam
906 1621 1062 1674 monstrare
1086 1611 1212 1676 auderet.
1245 1613 1250 1618 ’

93 1693 160 1753 lloc
178 1713 247 1751 vero
268 1692 304 1750 ad
324 1669 549 1770 augendamlDei
569 1691 687 1770 glorium
712 1709 771 1750 non
790 1709 892 1772 parum
911 1691 991 1768 lacit,
1022 1695 1099 1774 quod
1119 1693 1213 1763 Moses

92 1773 252 1832 vocationis
272 1789 339 1830 suae
359 1771 463 1828 inscius
470 1764 504 1913 tp
524 1769 588 1828 aula
608 1771 681 1852 regis
700 1769 887 1849 perlongum
908 1781 1018 1851 tempus
1030 1771 1143 1848 desidet,
1163 1795 1214 1854 po·
1284 1811 1286 1820 =

92 1860 155 1912 sna
174 1851 269 1911 subito
288 1857 400 1932 praeter
419 1867 469 1928 spe
511 1849 638 1907 omnium
658 1855 686 1908 et
706 1867 786 1908 suam
805 1850 893 1928 ipsius
913 1850 1068 1912 allomino
1087 1860 1213 1926 vocatur.

93 1931 173 1990 Haec
191 1931 277 2010 igitur
295 1927 501 2002 novatratrutr
516 1927 598 1998 'crura
618 1945 691 2008 quae
711 1929 742 1988 iu
761 1927 821 1987 eius
841 1929 965 1988 auimmn
984 1931 1069 1992 subiit
1088 1952 1125 1992 ex
1138 1951 1214 1992 novo

92 2019 127 2072 et
145 2011 257 2070 insolito
277 2007 400 2089 Spiritus
420 2007 538 2088 intpllsu
556 2013 622 2065 nata
642 2014 717 2066 cst*
937 2009 940 2020 ’

175 2089 223 2151 24.
266 2095 364 2170 Qaruus
382 2089 475 2147 vidiae
509 2089 662 2172 pendam.
701 2083 767 2146 Non
788 2085 914 2148 oblatum
933 2085 1050 2146 fortuito
1069 2085 1143 2148 tttosi
1161 2088 1216 2148 tuit

93 2169 153 2230 tale
182 2167 388 2250 spectaculum,
418 2166 467 2226 sed
528 2187 576 2226 um
595 2163 676 2225 Deus
701 2185 767 2226 eum
814 2166 901 2246 opulo
927 2187 979 2226 suo
1006 2167 1216 2247 redemptorem

94 2250 271 2316 destinasset,
291 2249 433 2328 specimen
453 2236 493 2305 et'
513 2247 574 2304 trusi
593 2245 771 2328 praeludium
789 2187 847 2316 llos
865 2265 916 2328 per
935 2247 993 2305 eius
1008 2265 1123 2305 manum
1134 2247 1217 2306 edere

95 2329 197 2388 voluit.
237 2325 310 2386 Nam
330 2312 494 2406 Stepltanud
526 2327 608 2386 iserte
627 2327 773 2407 exprimit,
803 2325 874 2384 nihil
894 2345 960 2384 euru
980 2333 1086 2384 temere
1105 2345 1215 2406 aggres-

95 2427 163 2468 sum
182 2425 252 2478 esse,
271 2405 320 2465 sed
340 2400 497 2467 vocationis
515 2393 582 2469 dna
607 2407 751 2466 conscium
767 2405 883 2478 iecisse,
913 2405 990 2486 quod
1010 2406 1108 2487 populi
1129 2405 1217 2464 vindi-

97 2507 163 2547 cem
182 2485 303 2546 deeebat.
346 2483 407 2546 Nisi
427 2478 499 2552 enini
515 2505 581 2546 eum
600 2493 735 2545 armasset
754 2483 848 2557 Deus,
872 2485 1017 2545 bominem
1037 2485 1218 2566 quantumvis

98 2565 220 2626 numum
240 2572 288 2624 aut
305 2565 463 2624 maleficum
485 2558 605 2641 dpciderc
624 2565 665 2624 illi
684 2565 725 2626 las
745 2585 803 2624 non
822 2571 890 2625 erat.
915 2563 999 2624 Pium
1018 2572 1063 2625 est
1082 2575 1115 2624 ac
1134 2559 1218 2624 laude

87 2646 217 2725 ‚digama
237 2663 306 2725 opus
325 2645 461 2726 improbis
481 2644 505 2708 sl
524 2647 678 2742 opponere,
698 2643 828 2708 cohibere
842 2665 942 2705 eorum
952 2645 1125 2724 violentiam,
1144 2643 1218 2704 tueri

74 2725 191 2785 'bonos
211 2723 348 2785 adversus'
361 2743 462 2784 sorum
480 2727 598 2799 ieiunas,
615 2725 663 2784 sed
683 2725 837 2784 vindictam
856 2743 968 2786 sumere
986 2744 1046 2785 nun
1066 2732 1108 2785 est
1128 2723 1218 2784 bomi-
1246 2726 1257 2748 “

96 2805 143 2865 nis
162 2803 272 2886 privati.
312 2803 378 2864 Non
402 2803 481 2865 licuit
500 2825 561 2876 erro
581 2803 656 2865 tttosi
674 2805 848 2886 Aegyptium
872 2803 1043 2880 interficere,
1072 2803 1127 2864 nisi
1152 2805 1219 2884 quia

96 2905 151 2966 pro
172 2885 328 2943 vocationis
354 2905 421 2944 suae
439 2887 501 2944 iure
514 2851 623 2966 gladius
643 2883 685 2944 illi
703 2886 733 2943 in
752 2903 868 2943 manum
888 2903 905 2944 a
924 2881 1051 2944 Domino
1071 2889 1219 2966 porrectus

95 2970 167 3024 erat.
217 2962 326 3022 Verum
355 2963 425 3024 baec
454 2959 562 3026 herliea
586 2965 672 3024 animi
697 2963 862 3044 magnitudo
882 2961 1006 3044 Spiritus
1031 2967 1119 3024 sancti
1146 2963 1219 3044 opus'

96 3043 166 3116 tuit,
195 3044 262 3122 quia
283 3061 354 3122 quos
373 3041 455 3102 Deus
474 3041 571 3104 adres
590 3059 707 3122 magnas
727 3043 852 3114 ordinat,
881 3043 910 3102 in
933 3043 968 3100 iis
988 3045 1047 3104 vim
1067 3060 1218 3178 scampn-

95 3129 191 3183 tenter
210 3123 323 3198 exserit,
343 3129 377 3182 ut
395 3121 529 3183 functioni
548 3141 616 3182 suac
657 3139 718 3180 ares
738 3124 801 3180 sint.
831 3119 864 3180 lu
883 3141 994 3181 summa
1012 3121 1148 3201 iutelligit·
1180 3123 1219 3179 te:

97 3202 210 3282 phanns
239 3204 297 3262 iam
321 3209 391 3261 tunc
416 3200 538 3264 oblatulr
561 3143 670 3282 populo
691 3197 790 3261 Mosen
814 3199 900 3258 luisse
919 3201 1119 3284 redemptionis
1138 3195 1220 3256 mini-

99 3288 206 3361 strum,
225 3299 316 3362 mum
336 3282 395 3344 dies
414 3301 452 3341 ex
471 3285 597 3364 pasione
616 3279 749 3342 Abrahae
767 3280 843 3339 laeta
862 3279 993 3355 instaret,
1013 3279 1063 3342 sed
1081 3279 1221 3361 populum

97 3359 170 3420 nihil
189 3363 281 3421 miuus
301 3369 437 3442 sperasse.
858 3347 864 3404 l
1220 3429 1225 3438 ι

177 3441 224 3502 96.
254 3447 403 3526 ¹Sequenti
421 3443 469 3503 die
487 3451 651 3522 conspectus
670 3449 720 3500 e'st.
759 3437 821 3499 lam
840 3437 963 3499 ostendit
982 3436 1144 3520 Stephanus
1164 3455 1223 3496 non

96 3518 185 3582 modo
205 3519 364 3601 neglectam
384 3541 401 3580 a
421 3519 547 3599 Patribus
567 3521 653 3580 fuisse
674 3519 729 3579 Dei
749 3509 876 3600 gratiam
896 3517 945 3578 sed
957 3515 1086 3598 'maligne
1105 3513 1223 3596 'quoque'

96 3601 239 3658 reiectam.
289 3599 429 3680 Quamvis
454 3602 529 3660 enim
550 3601 658 3661 malum
678 3599 756 3696 quod
775 3605 871 3658 narrat
890 3597 926 3657 ab
946 3617 1004 3656 uno
1024 3597 1138 3656 homine
1158 3615 1223 3733 ppo·

96 3679 203 3737 fectum
223 3680 270 3755 sit,
289 3681 405 3763 culpam*
422 3689 517 3740 tamen
533 3681 663 3741 ominibus
684 3699 747 3739 rurs
766 3679 898 3760 assignat.
937 3675 1011 3736 Nam
1030 3677 1054 3736 si
1075 3676 1147 3758 grati
1189 3693 1224 3734 eo

97 3757 233 3834 fuissent,
263 3759 338 3820 illius
363 3761 536 3842 proterviam
559 3759 644 3819 simul
667 3759 821 3840 reprimere
841 3757 1001 3817 debuerant.
1051 3754 1111 3815 Sed
1131 3759 1226 3813 tacent

98 3855 207 3912 omnes,
237 3857 271 3898 ac
290 3839 363 3900 lilasi
376 3839 546 3923 exprobrari
565 3841 662 3900 sinunt
681 3839 759 3935 quod
778 3840 833 3898 illis
852 3838 1031 3918 praestiterat
1049 3833 1225 3920 beneficium,

95 3935 133 3976 ac
157 3924 299 3998 quantum
328 3921 356 3978 in
381 3941 412 3980 se
437 3927 480 3982 est
498 3920 598 3982 ultimo
619 3919 771 3980 discrimini
791 3923 966 3998 euponunt,¹
982 3933 1069 3996 quem
1089 3915 1226 4003 oppositis

94 3995 157 4055 suis
178 3997 317 4077 capitibus
337 4005 486 4081 protegere
505 4001 667 4062 debuerant.
697 3997 763 4058 lluc
782 3999 878 4080 itaque
896 3997 1095 4079 tenditoratio‚
1115 3993 1250 4055 nonnisi·

90 4095 150 4215 per
181 4077 321 4157 populum
350 4077 472 4140 stetisse
485 4084 635 4162 quantinus
658 4079 830 4141 levationem
855 4079 980 4158 aliquam
1000 4077 1082 4136 eitius
1101 4075 1226 4135 sentiret:

107 4163 139 4215 ta
166 4175 254 4238 saepe
272 4155 338 4218 Deo
363 4177 505 4220 remoram
533 4163 645 4222 inbuere
667 4159 741 4222 selei
764 4157 912 4218 hominurn
955 4158 1068 4218 raritas.
1110 4153 1229 4221 ,ustura

90 4241 176 4295 certe
195 4237 255 4296 suis
274 4257 360 4318 opem
380 4239 454 4299 lerrs
472 4248 586 4322 paratus
605 4247 657 4314 est,
677 4239 727 4298 sed
745 4257 799 4298 uos
818 4237 903 4297 variis
923 4181 1075 4298 obstaculis
1094 4237 1154 4298 eius
1169 4255 1227 4294 mu·

91 4335 169 4373 num
190 4333 208 4375 a
226 4315 308 4376 uobis
328 4336 470 4395 arcemus,
495 4325 594 4402 postea
612 4321 715 4379 iniuste
734 4319 934 4399 conquerimur
954 4313 989 4377 de
1008 4315 1075 4377 eiusss
1088 4305 1236 4376 tarditate!
1352 4379 1356 4384 ,

80 4391 202 4472 Porro,
221 4393 296 4458 baeu
313 4397 398 4460 nimis
417 4399 503 4484 impia
522 4400 657 4460 adversus
676 4397 772 4460 Deum
790 4403 821 4461 ct
839 4397 961 4462 crudelis
979 4396 1118 4458 inltloseu
1137 4396 1227 4474 ingre·
