2716 4856
174 165 233 228 333
579 153 624 220 lN
644 85 749 222 Acris
767 151 903 217 sPosr.

176 279 238 339 loro
256 272 379 348 ridebat,
398 269 521 332 sscitioio
540 271 637 332 colom
654 272 749 332 fucare
768 271 874 330 studet.
893 267 972 352 Er5o
992 279 1027 334 ut
1040 271 1175 334 urnlelicii
1191 273 1302 340 dedum
1346 307 1347 334 1

176 362 262 436 tegat
282 353 423 433 religionis
443 349 567 425 titulum,
608 347 810 432 uiplausibilis
828 357 881 426 est,
900 339 1033 410 obducit.
1051 351 1091 412 lta
1105 355 1204 434 impii,
1222 375 1301 434 qoun-

177 435 283 496 tnmvis
332 438 444 493 rolerre
472 437 570 490 contra
624 450 690 491 eum
715 427 875 510 insurgant,
902 431 943 488 im
964 431 1084 491 udenter
1112 439 1217 494 tameo
1244 436 1302 494 inde
1346 435 1347 476 s

180 519 294 596 coptant
312 455 450 572 bonestos
491 517 646 570 raetextusr
664 527 765 568 verum
783 507 1119 573 ventosissima
1139 515 1224 588 siuit,
1243 515 1302 593 quis
1346 527 1347 596 ᾗ

180 595 276 678 potius
299 611 336 650 ex
361 590 418 648 suis
442 531 621 670 subterfugiis
644 587 782 668 protrahit
806 607 856 647 cos
879 589 909 646 in
927 589 1034 648 luceru.
1074 589 1144 650 Non
1164 592 1222 651 alio
1240 599 1304 653 teste
1346 599 1347 660 i

181 691 254 754 opus
273 676 318 730 est
336 670 371 728 ad
390 668 567 730 refutandam
585 667 723 728 Demetrii
741 667 917 748 hypocrisin,
936 667 1006 747 qula
1024 688 1057 728 se
1076 669 1177 750 ipsum
1196 675 1300 752 propria

181 746 1251 906 lttt*stituitsitibit”ttrtdttttdldtdt'dt'
1261 757 1303 888 ῗῖ
1346 779 1347 840 ³

182 906 297 970 sanctae
315 849 413 967 niutrm
431 905 572 966 Ecclesiae
587 849 725 986 lpiatronos
744 925 805 965 esse
824 893 943 982 iactant,
967 891 1019 964 seri
1043 907 1081 967 de
1106 925 1163 966 suo
1186 872 1252 966 uto'
1263 911 1301 968 sic

202 989 301 1048 raefati
325 987 354 1046 iu
373 988 432 1068 ipsa
451 1005 552 1046 consae
571 987 680 1046 aulone
698 985 808 1044 culinae
827 985 956 1044 nidorem
976 989 1038 1044 toto
1057 994 1179 1066 gutture
1197 990 1301 1068 spirant.

182 1012 272 1128 bobis
291 1085 360 1126 vero
380 1067 404 1124 si
422 1066 533 1124 animus
552 1071 609 1140 est,
632 1063 746 1146 pietatis
770 1079 885 1123 eausam
902 1083 975 1144 pure
993 1070 1025 1124 et
1043 1067 1119 1124 serio
1138 1085 1239 1146 agere,
1259 1087 1303 1125 uo

184 1155 241 1209 stra
262 1145 410 1207 commoda
430 1144 639 1211 obliviscamur.
657 1147 691 1202 ut
710 1141 765 1202 Dei
785 1142 874 1222 gloria
894 1144 1001 1222 primas
1019 1151 1122 1204 terent.
1164 1141 1216 1205 Sic
1234 1147 1305 1206 enim
1346 1153 1347 1182 ¹

183 1245 281 1288 sensus
301 1243 398 1284 omncs
417 1223 580 1360 persbt'npit
597 1221 656 1283 suis
674 1221 814 1282 illecebris
829 1221 960 1281 utilitatis
975 1225 1085 1301 speeies,
1106 1231 1138 1283 ut
1152 1225 1304 1308 perqnod.
1346 1191 1347 1260 l

184 1307 227 1365 vis
252 1305 331 1365 nefas
354 1303 474 1367 errando
498 1322 536 1362 no
557 1306 579 1362 is
602 1309 698 1361 tumen
715 1299 908 1384 blandiamur,
934 1299 1087 1382 quantispu·
1103 1303 1191 1362 nobie
1208 1307 1302 1410 priva-

76 1431 77 1438 1
183 1387 235 1445 tim
255 1383 401 1443 consulere
426 1381 603 1464 prepositum
627 1375 680 1448 est

263 1469 359 1538 Quom
377 1471 441 1524 tolo
459 1467 536 1522 Ario
554 1469 581 1522 et
600 1457 683 1521 orbis
697 1460 775 1520 colii.
793 1451 943 1539 iudignum
953 1455 1088 1519 nemesio
1105 1459 1221 1520 videtur
1233 1480 1299 1542 pes-
1346 1483 1347 1532 1

182 1561 246 1602 sum
264 1543 305 1599 ire
324 1540 432 1600 Dianae
451 1543 634 1611 nraiestoteur,
653 1557 740 1619 quarn
757 1544 836 1598 totns
855 1537 931 1598 orbis
951 1538 1063 1618 suspicit
1079 1545 1110 1598 et
1127 1540 1237 1612 adorat,
1256 1547 1300 1599 at·
1346 1547 1347 1616 ζ

182 1639 239 1701 quc
258 1619 315 1678 boc
332 1621 532 1700 superstitiosis
551 1616 681 1680 omnibns
700 1635 849 1698 commuue
867 1617 1027 1698 perfugium
1044 1623 1098 1691 est,
1114 1619 1306 1678 mollitudinis

183 1717 352 1759 consensum
365 1697 526 1758 obtendere.
550 1697 627 1757 Vere
640 1703 735 1766 autem
746 1695 840 1777 religio
850 1697 939 1775 magis
949 1695 1066 1756 solidam
1075 1695 1213 1758 lulbrram
1221 1717 1305 1778 qoam

182 1781 212 1838 in
231 1779 379 1838 bominum
397 1778 513 1838 arbitrio
532 1775 665 1858 postulat
699 1773 792 1834 Hodie
810 1775 879 1834 nibil
898 1776 988 1856 magis
1007 1775 1151 1856 simplices
1170 1796 1206 1836 ac
1223 1780 1306 1858 impe-

184 1859 254 1920 ritos
273 1860 386 1930 retinet,
405 1857 457 1922 uisi
499 1857 554 1915 uod
575 1873 685 1916 errores
703 1855 810 1949 passim
830 1872 884 1914 usu
903 1861 1033 1936 receptos
1053 1855 1177 1916 abiicere
1190 1875 1250 1916 nou
1262 1877 1304 1914 su-
1346 1899 1347 1912 .

183 1937 268 2010 deut,
287 1938 354 2016 quin
373 1935 450 2074 puori
469 1877 597 2014 pluribus
617 1935 723 2014 placuit
783 1933 871 1992 amris
889 1934 976 1992 stulte
994 1940 1023 1994 et
1042 1941 1154 1995 temere
1173 1955 1228 2016 pro
1246 1935 1306 2017 legi·

184 2019 256 2076 timo
281 2015 372 2074 baben
393 2033 440 2074 om
464 2033 525 2074 esse
548 2013 674 2094 lingunt:
704 2031 742 2072 nn
764 2031 780 2070 e
803 2017 832 2071 et
857 2011 1081 2076 solumnomen
1099 2015 1306 2074 consuetudins
1346 2083 1347 2092 χ

185 2103 284 2156 contra
305 2093 399 2153 Deum
421 2095 516 2174 ipsum
539 2093 678 2153 audacter
697 2089 846 2151 oblruderc
870 2111 927 2152 uon
947 2092 1090 2152 dubitant.
1133 2092 1225 2153 Nobis
1243 2114 1305 2152 rem

183 2175 269 2254 longo
288 2173 372 2232 aliam
390 2175 515 2254 regulam
524 2171 665 2232 Dominus
683 2169 854 2252 praescribit,
873 2177 907 2230 ut
925 2171 1030 2231 scilieet
1044 2191 1097 2232 sus
1114 2176 1202 2232 unios
1217 2180 1304 2233 suus

184 2254 268 2312 ritate
287 2253 412 2312 contenti
430 2271 483 2312 nec
497 2252 643 2312 bominum
659 2249 828 2330 opinionem,
847 2269 899 2311 uae
912 2269 996 2311 usum
1009 2257 1153 2330 nostrum,
1173 2272 1230 2314 nec
1242 2252 1304 2312 mul

185 2339 279 2394 tarum
298 2331 425 2412 gentium
443 2331 675 2393 consuetudinem
693 2347 848 2398 moremur.¹

273 2503 326 2571 29.
356 2501 398 2570 Et
425 2502 552 2594 impleta
575 2509 628 2571 'est
649 2501 759 2571 civitas
780 2510 845 2570 tota
867 2499 1070 2571 confusiones
1098 2514 1134 2572 et
1157 2505 1306 2595 impsum

186 2611 328 2678 leuem
349 2631 414 2673 uno
436 2609 544 2674 animo
566 2608 598 2674 in
619 2607 786 2690 theatrmr,
807 2617 951 2698 correpto
972 2607 1052 2675 Gaio
1073 2617 1109 2676 et
1129 2607 1303 2677 Aristocrito

76 2716 99 2786 s
184 2711 417 2798 Macedonibus,
438 2711 603 2796 comitibus
611 2711 709 2778 Pauli.
736 2713 790 2780 30.
802 2711 898 2780 Paulo
920 2723 1028 2781 autem
1048 2713 1177 2782 volente
1196 2716 1307 2781 intrare

185 2817 225 2884 ad
251 2813 420 2906 populum,
446 2838 513 2884 non
542 2817 751 2908 permiserunt
779 2816 926 2909 discipuli.
968 2819 1023 2888 31.
1046 2819 1176 2906 Quidam
1195 2831 1305 2886 autem

183 2932 216 2989 et
241 2939 283 2990 ox
305 2918 397 2988 Asiae
432 2920 634 3012 primoribus,
666 2925 721 3015 qui
750 2933 838 2992 erant
865 2923 955 2996 aurici
976 2925 1062 3011 eius,
1093 2925 1235 2992 minuunt
1257 2924 1304 2992 ad

185 3049 259 3094 enm
279 3035 436 3117 rogantes,
457 3049 498 3094 ne
519 3052 555 3097 sc
576 3029 662 3098 daret
680 3031 713 3098 iu
735 3029 898 3098 tlreatrum.
942 3031 996 3100 32.
1025 3031 1088 3098 Alii
1108 3029 1230 3122 qrridsm
1248 3029 1306 3120 igi-

147 3183 156 3207 ,
185 3143 236 3200 tur
264 3131 347 3203 aliud
375 3133 562 3216 clamabant:
594 3135 771 3222 eratenim
796 3135 906 3203 concio
933 3135 1065 3230 confusa
1072 3188 1085 3221 ,
1116 3147 1150 3203 et
1168 3135 1310 3227 plerique

185 3233 379 3321 nesciebant,
406 3262 468 3327 qua
496 3263 537 3306 ex
559 3255 651 3310 causa
671 3240 900 3310 convenissent.
942 3241 996 3308 33.
1017 3242 1069 3309 De
1092 3242 1186 3309 turbs
1205 3253 1312 3310 autem

186 3353 409 3433 protraxerunt
426 3343 651 3428 Alexandrum,
674 3345 918 3438 propellentibus
934 3369 1008 3414 eum
1022 3346 1159 3416 ludaeis.
1183 3347 1311 3415 Alexan

186 3449 242 3516 der
263 3453 496 3532 autem,‘manu
519 3449 642 3518 silentio
664 3449 833 3543 postulato,
855 3451 982 3520 volebat
1002 3453 1160 3521 rationem
1183 3455 1310 3522 reddere

184 3552 315 3649 populo.
359 3547 413 3620 34.
435 3554 539 3639 Quem
561 3565 597 3620 ut
618 3568 843 3648 cognoverunt,
864 3557 1014 3626 Iudaeum
1037 3579 1124 3640 esse,
1154 3583 1226 3628 vox
1248 3569 1312 3626 osta

183 3667 233 3727 est
259 3679 324 3724 una
358 3659 500 3727 omnium
527 3659 625 3728 terme
654 3661 694 3728 ad
720 3661 797 3727 duas
823 3661 916 3730 boras
942 3659 1169 3748 damasium,
1200 3665 1314 3758 bingin

184 3763 286 3832 Diana
312 3760 533 3854 Ephesiorum.

263 3910 310 4004 ⁹⁹:
331 3905 386 3972 Hie
409 3909 508 3992 populi
531 3915 672 4006 naturam·
686 3875 772 4008 prasi·
791 3911 821 3972 in
840 3910 936 4007 tabula
953 3911 1095 4008 depictum
1114 3913 1205 3975 nobis
1227 3911 1316 4010 ¹:⁸3²*

145 4057 155 4074 ⁸
180 3985 1022 4150 iibobibiiieniiruibidibia‘iirmbrslieiriciiirlliiirinpeliiliiitiuirbi
1036 3991 1317 4133 {lampasium

180 4143 318 4230 epncitata
338 4151 381 4205 est
401 4151 567 4281 tempestas,
585 4167 648 4244 non·
662 4147 744 4244 fapile
762 4151 884 4244 sedatur.
916 4146 1013 4244 Quum
1034 4169 1104 4244 vero
1124 4153 1251 4212 malum
1270 4153 1319 4210 bot

178 4221 268 4272 vitare
287 4230 430 4294 nequeant
466 4225 555 4284 drmstr
575 4246 663 4300 servr,
686 4235 790 4288 mureto
815 4236 970 4290 constantra
989 4237 1210 4294 munitos-esse
1233 4231 1320 4292 deust

178 4295 211 4346 ut
230 4291 379 4368 populares
398 4309 493 4362 motus
512 4305 643 4386 intrepidi
662 4307 826 4384 sustineant,
844 4328 897 4368 nec
915 4307 1064 4368 turbentur
1084 4313 1173 4388 quatri
1191 4331 1233 4371 re
1248 4327 1322 4371 nom
