2742 4856
966 209 968 216 .
1152 183 1157 213 l

289 284 293 290 ,
468 267 472 276 ·
513 225 642 294 CAPUT
660 227 741 292 xlv.
954 268 958 282 =
1129 235 1199 308 281.

77 353 186 434 praeter
209 355 325 420 naturae
354 347 496 422 ordinem,
524 345 639 444 quaudo
668 345 774 406 seilioet
799 339 881 441 pana
903 352 1023 428 prepter
1042 343 1193 444 bominum

77 437 192 572 titt
211 423 1110 588 lrtt.:?³tlt?ttttltrt⁸ffittttat⁶t
1124 431 1194 570 “tt

77 607 138 652 eam
162 596 289 649 eruerent
307 589 448 648 vitiorum·
459 592 622 646 nostrornm
640 583 793 644 obstacula.
834 581 934 667 Neque
952 593 1047 648 tamen
1066 605 1194 669 unquam

77 676 151 730 tanta
174 670 279 729 exstitit
303 667 447 739 sterilitas,
509 683 527 726 a
550 681 666 748 prorsps
689 664 832 726 exaruerit
850 663 1007 727 benedictio
1025 669 1056 729 in
1069 669 1195 730 homiui·

76 749 126 808 bus
144 749 297 836 perpendis.
316 746 405 808 Recta
465 685 538 805 ’idm
557 745 663 805 dietum
682 751 726 805 est
744 763 762 804 a
781 743 925 826 Propheta
945 743 1033 820 (Psal.
1054 751 1102 822 81,
1122 753 1194 826 ih),

73 829 162 909 Aperi
190 837 234 889 os'
249 836 346 902 tuum,
371 831 406 886 et
432 824 547 904 replebo
570 824 654 899 illud,
688 830 724 886 ut
740 825 863 884 seiamus
882 843 936 886 nos
954 828 1062 886 esurire
1079 831 1195 924 propria

74 909 170 989 eulpa,
189 907 257 968 dnm
273 905 487 968 beneficentiam
505 904 656 966 eoelestem
674 923 732 964 non
753 904 940 976 admittimus:
970 907 1020 966 sed
1040 907 1196 986 quamlibet

74 989 161 1047 simus
188 989 320 1059 mtrioti,
348 985 507 1068 perrumpit
528 991 624 1044 tamen
648 984 685 1042 ad
707 983 838 1064 indignos
863 990 998 1064 paternus
1022 981 1080 1046 Dei
1103 1005 1194 1048 amor.

73 1067 242 1128 Praesertim
269 1067 434 1128 universitas
463 1065 577 1124 humani
601 1065 712 1144 pneris
735 1064 815 1123 testis
833 1070 892 1142 est,
920 1083 1066 1148 uunquam
1083 1059 1197 1128 oess'are

74 1139 136 1216 Der
149 1145 295 1223 benefieia,
314 1149 342 1206 in
363 1145 466 1226 quibas
486 1143 572 1206 Pater
590 1143 672 1204 nohis
692 1149 818 1224 apparet.
1157 1187 1160 1196 ,

151 1229 197 1291 18.
210 1231 300 1288 'Haeo
323 1227 447 1287 dicentes
470 1225 619 1286 sedarunt.
664 1221 749 1283 Prius
773 1221 884 1283 d'merat
906 1221 998 1287 haras
1022 1240 1081 1286 non
1101 1225 1196 1290 verbis

72 1309 181 1366 mutum
200 1325 362 1380 usosesse,
391 1305 440 1364 sed
464 1305 547 1363 etiarn
568 1323 634 1364 enm
652 1305 761 1385 impetu
778 1303 893 1362 irruisse
912 1301 1089 1366 intutam:
1118 1325 1197 1368 nune

70 1385 148 1444 addit
165 1386 213 1446 illa
235 1385 411 1446 vehementia
430 1385 480 1442 vix
500 1393 661 1465 repressum
679 1401 741 1444 esse
761 1401 799 1463 po
821 1381 861 1440 uli
880 1381 1020 1457 iuroram,
1049 1385 1127 1446 obde
1147 1404 1197 1468 ap·

89 1471 149 1524 aret
170 1484 261 1605 pupm
283 1484 413 1603 vessaduust
428 1469 459 1523 et
481 1463 635 1602 iugpmitus
658 1401 820 1603 sithnbrunpdi
845 1462 979 1544 ardorgin
998 1459 1197 1562 idololatriam.

68 1645 132 1686 ,aa
152 1547 1198 1703 :thttataJttuttltatta‘tltttttt'atttil:

67 1703 164 1780 letrae,
183 1704 265 1786 quod
282 1705 381 1786 iugum
400 1708 533 1762 excutere
553 1699 672 1761 subinde
690 1699 781 1782 parati
799 1709 874 1775 suut,
893 1703 948 1764 nisi
967 1721 1068 1764 eorum
1083 1705 1198 1766 arbitrio

66 1783 211 1846 subiaceat
236 1781 344 1864 religio.
389 1779 489 1860 Quare
509 1799 570 1840 uon
593 1779 697 1840 mirum
720 1787 765 1838 est
789 1780 814 1838 si
832 1779 994 1863 Prophetae
1018 1778 1103 1863 saepe
1121 1800 1198 1844 eorn-

65 1869 242 1939 memorent,
265 1883 325 1923 nou
348 1880 430 1922 seeus
454 1861 525 1942 rapi¹
541 1859 669 1921 homiues
692 1862 723 1920 iu
747 1876 864 1918 eoscum
883 1863 1115 1944 superstitionum
1133 1865 1200 1926 alle

66 1949 159 2018 otum,
179 1963 270 2027 quam
287 1941 411 2026 pecudes
429 1941 461 2003 in
479 1939 624 2001 libidinem
641 1960 724 2002 suam
742 1939 880 2001 teruntur.

156 2100 212 2168 19.
255 2099 516 2190 supervenerunt
537 2105 645 2165 antem
666 2093 833 2192 Anhoehia
855 2106 888 2166 et
909 2093 1018 2162 leonio
1039 2093 1161 2184 ludaei,
1182 2120 1201 2163 a

64 2205 185 2298 quibus
214 2227 382 2298 persuasae
409 2203 519 2272 turbae
534 2187 650 2294 'quum
670 2201 866 2296 ,lapidassent
886 2197 1021 2270 Paulum
1044 2192 1202 2270 eieeerdnt

62 2338 143 2383 eurn
171 2322 262 2380 extra
289 2311 402 2379 urbem
431 2307 647 2378 existimantes
661 2319 837 2378 ,mortuum
858 2330 938 2378 esse.
982 2307 1036 2374 20.
1064 2305 1202 2378 cirum

62 2422 161 2506 datus
184 2427 293 2484 autern
315 2439 334 2484 a
355 2411 515 2508 diseiprrlis
536 2415 685 2498 surrexit,
711 2426 745 2484 et
764 2407 925 2508 ingressus
938 2411 997 2482 'est
1017 2411 1143 2485 urbem:
1169 2424 1203 2482 et
1232 2438 1248 2488 ῃ

60 2522 225 2619 postridie,
249 2545 324 2590 cum
344 2519 486 2592 Bernaba
508 2521 607 2592 exivit
627 2519 766 2592 Derben.
809 2522 863 2591 21.
885 2519 929 2588 Et
951 2541 1052 2612 quum
1074 2543 1204 2614 evange-

59 2634 227 2699 liaassent·
245 2627 320 2696 huie
345 2627 429 2711 urhi,
454 2638 494 2696 et
514 2625 634 2696 multos
652 2626 844 2698 iomaaseut
865 2625 1050 2716 discipulos,
1083 2625 1204 2696 reversi

59 2747 143 2808 suut
171 2734 320 2826 Lystram
347 2743 380 2802 et
405 2731 548 2802 leonium
575 2743 617 2801 et'
635 2732 853 2817 Antiochiam,
895 2729 1203 2800 taceremne

59 2845 190 2914 animas
223 2836 462 2932 discipulorum,
493 2851 526 2908 et
558 2837 776 2932 exhortantes,
806 2847 844 2907 ut
874 2836 909 2906 in
940 2835 1004 2907 fide
1030 2846 1204 2937 manerent,

61 2961 97 3020 et
128 2947 224 3040 qnod
248 2969 307 3037 per
332 2945 450 3048 multas
475 2946 658 3015 afflictiones
692 2954 839 3038 oporteat
863 2967 924 3014 uos
950 2943 1070 3037 ingredi
1097 2945 1131 3015 iu
1158 2937 1206 3014 re

60 3077 168 3150 gnum
192 3049 265 3148 Dei.
443 3071 446 3084 ·
1154 3071 1187 3091 ··

145 3216 200 3288 19,
221 3218 466 3296 sepmenmss.
490 3209 615 3272 Difficile
634 3217 680 3272 est
697 3209 789 3272 Paulo
809 3216 839 3272 et
857 3207 1003 3270 barnabae
1023 3225 1205 3292 sompeseere

60 3295 220 3380 populum,
240 3295 394 3376 quominus
413 3291 563 3351 sacniieet:
585 3291 742 3351 nebulones
761 3297 856 3351 autem
876 3291 972 3350 statim
987 3289 1068 3350 nullo
1087 3288 1203 3372 negdtio

61 3375 253 3458 persuadent,
272 3379 305 3432 nt
325 3367 465 3456 lapidetur
484 3369 600 3446 Paulus,
620 3391 707 3452 quem
725 3387 818 3450 nuper
836 3363 1012 3448 deificabant.
1053 3367 1135 3428 Unde
1155 3389 1204 3451 up-

61 3462 161 3537 paret,
183 3459 291 3534 quanto
311 3451 480 3532 propensior
499 3452 542 3511 sit.
555 3449 592 3512 ad
610 3451 837 3532 superstitionem
856 3449 980 3508 mundns
999 3465 1087 3530 quam
1106 3448 1143 3506 ad
1157 3463 1204 3508 re·

58 3555 127 3598 ram
144 3531 206 3594 Dei
226 3531 427 3606 obedientiam,
446 3536 477 3592 et
495 3533 582 3614 quam
600 3548 734 3612 arrogans
753 3531 791 3589 sit
808 3529 981 3618 superstitio,
1000 3537 1075 3608 quae
1093 3539 1207 3624 setnper

61 3618 95 3676 in
127 3611 293 3674 ordinando
320 3609 378 3670 Dei
407 3612 487 3670 onitu
516 3611 580 3669 vnit
609 3609 755 3670 dominari.
809 3607 892 3668 Servi
912 3607 1108 3668 Domininou
1127 3607 1206 3668 ahud

60 3698 228 3837 ddtaedadbb'
243 3690 412 3831 pispelppnpp
430 3687 1206 3828 eiliisrriibidrreqbiblinbdidibudiierduddi}beiraddbiauqtbmlubddbb

411 3815 418 3828 ·
1058 3809 1068 3842 a

61 3875 128 3914 non
159 3846 328 3924 tenantur,
343 3865 394 3910 eos
420 3854 518 3910 tamen
534 3847 671 3910 'mundus
699 3847 774 3908 terre
792 3849 906 3929 nequit:
935 3865 1002 3906 nam
1027 3856 1127 3906 omues
1146 3845 1206 3906 iere

62 3933 252 4013 obstrepunt,
272 3929 392 3992 subinde
411 3930 498 3990 etiam
517 3927 647 3988 oriuntur
665 3928 815 3988 tumultus.
845 3925 905 4006 Qui
923 3933 1073 4008 tantopere
1090 3932 1158 3986 snut
1175 3927 1206 3990 iu

60 4011 171 4074 Deum
200 4013 381 4072 contumaees
409 4008 475 4106 plus
500 4011 591 4088 ‘quam
620 4008 751 4068 credulos
779 4027 811 4068 se
839 4005 975 4088 prpebent
993 4004 1205 4086 impostoribus,
1305 4041 1311 4050 ·

62 4110 163 4172 seque
182 4107 283 4174 eorum
303 4089 448 4168 tyraunrdi
467 4088 569 4171 capide
589 4087 749 4149 subiiciunt.
783 4083 833 4146 Sie
852 4086 947 4168 Papae
966 4086 1133 4166 permissum
1152 4085 1207 4146 tuit

61 4191 124 4254 pro
152 4187 207 4230 sno
231 4167 351 4230 arbitrio
372 4168 504 4243 illudere,
529 4185 582 4227 nee
600 4168 687 4228 modo
707 4167 846 4227 realiter
864 4183 993 4248 premere
1011 4167 1127 4226 miseras
1146 4169 1205 4226 ani·

62 4269 145 4322 mas,
164 4247 215 4330 sed
234 4247 387 4310 crudeliter
403 4250 489 4310 etiam
507 4254 649 4327 torquere.
674 4241 821 4328 Quicquid
840 4248 1024 4344 praeciperet,
1041 4244 1207 4308 obedeuter

63 4335 222 4410 receptum
246 4329 314 4390 luit:
343 4326 377 4392 eb
392 4325 477 4388 hodia
580 4329 684 4388 tumvis
703 4326 890 4410 impossihrles
910 4327 983 4388 ierat
1001 4327 1091 4410 leges,
1109 4317 1206 4386 'nemo

63 4415 172 4470 tamen
196 4411 346 4474 mussitare
370 4406 464 4470 audet.
532 4425 606 4470 nasa
628 4407 734 4470 uersu
754 4405 860 4470 Christi
883 4407 983 4492 iugum
1002 4409 1087 4489 pansi
1101 4407 1206 4469 adurit·
