2700 4844
468 192 596 257 CAPUT
615 189 741 252 XXVII.
1114 191 1174 258 479

123 307 177 376 33.
199 303 243 374 Et
273 327 374 397 quum
400 303 467 379 dies
493 306 645 396 inciperet
673 301 1036 392 apparere,‘borlab2tur
1056 301 1175 374 Paulus

43 437 156 482 omnes
183 436 311 480 sumere
333 411 454 496 eibnm,
482 411 602 494 dicens,
630 409 708 479 Dies
729 408 781 476 lric
802 409 942 476 decimus
964 421 1175 500 pudescat,

37 521 126 612 qnod
148 527 369 610 exspectantes
391 517 487 586 ieiuni
507 516 697 609 permanetis
719 515 796 587 nibil
818 515 1013 608 accipientes.
1036 513 1089 585 34.
1100 517 1174 586 Pro-

34 641 106 719 pter
140 626 228 717 quod
260 625 372 694 hortor
397 647 471 707 vos,
493 634 545 694 ‚ut
576 623 708 690 sumatis
745 622 863 690 cibum:
913 622 977 692 hoc
1013 623 1099 692 enim
1135 623 1176 694 ad

34 735 169 800 salutem
195 741 335 800 vestram
362 729 511 821 pertinet,
553 730 629 822 qnia
655 728 773 796 nullius
799 738 942 798 vestrum
969 729 1098 822 capillus
1136 731 1176 800 de'
1250 779 1255 792 .

34 841 135 930 capite
164 839 261 907 cadet.
296 838 360 930 Ι35.
383 835 425 930 Εἰ
452 836 663 929 quirm'baec
685 835 830 918 (linisset,
857 847 986 928 sumpto
1007 861 1090 928 pane
1111 861 1176 930 gra

33 945 95 1011 tias
117 945 181 1036 egit
194 943 267 1012 Deo
294 943 330 1011 in
353 954 526 1035 conspectu
549 941 700 1026 ornanum,
723 949 755 1010 et
777 965 877 1033 ῳιιιιιι
898 942 1049 1034 fregisset,
1071 945 1177 1036 coepit

36 1053 141 1118 edere.
187 1051 242 1118 36.
264 1049 364 1118 Porro
395 1051 508 1121 animis
529 1051 594 1116 ianr
615 1035 759 1131 recieati,
786 1071 899 1116 omnes
920 1061 1126 1142 sumpserunt
1145 1062 1178 1120 et

35 1157 97 1248 ipsi
120 1157 235 1229 cibum.
279 1157 334 1225 37.
356 1156 492 1224 Eramus
518 1179 595 1226 vero
624 1155 788 1222 universae
817 1154 939 1224 animae
965 1157 999 1223 in
1026 1158 1100 1226 navi
1117 1152 1177 1225 ‘dn-

36 1273 149 1330 centae
172 1263 367 1353 septuaginta
387 1287 455 1331 sex.
500 1263 555 1328 38.
572 1257 615 1327 Et
637 1260 737 1328 satiati
759 1260 829 1329 cibo
853 1261 1028 1333 allevabant
1048 1260 1176 1352 navem,

34 1370 192 1437 eiicientes
215 1369 355 1436 triticum
371 1369 404 1436 in
426 1391 523 1436 mare.
568 1367 621 1434 39.
644 1365 752 1452 Quom
774 1377 881 1436 autent
903 1369 970 1441 dies
992 1375 1090 1456 esset,¹
1116 1381 1177 1441 ter·
1210 1409 1217 1423 a

32 1499 102 1542 ram
124 1499 191 1543 non
213 1475 436 1566 agnoscebant:
465 1475 570 1542 sinum
593 1495 669 1540 vero
692 1475 852 1576 quendam
880 1477 1176 1548 animadverterunt
1202 1489 1210 1500 ‘

32 1583 207 1650 habentem
239 1581 328 1666 litus,
360 1581 392 1648 in
423 1580 511 1671 quod
538 1577 715 1670 cogitabant
741 1580 851 1650 eiicere
878 1605 1007 1654 navem.
1049 1580 1104 1654 40.
1132 1583 1177 1654 Et

35 1711 141 1778 quum
189 1709 319 1754 ancoras
363 1685 576 1770 sustulissent,
608 1685 847 1754 committebant
885 1712 921 1757 se
954 1691 1050 1761 maria
1080 1691 1177 1758 simul

33 1795 150 1860 laxatis
186 1791 338 1862 iuncturis
370 1793 672 1884 gubernaculorum,
703 1789 745 1876 ιζ’
782 1791 905 1862 sublato
939 1806 1101 1864 artemone
1135 1797 1177 1865 ad

34 1924 135 1968 aurae
158 1900 287 1984 ilatum,
310 1899 479 1968 tendebant
500 1901 539 1967 ad
560 1899 658 1966 litus..
687 1894 745 1964 41.
765 1899 874 1984 Quam
895 1923 972 1970 vero
994 1901 1177 1972 incidissent

32 2010 69 2073 in
97 2007 205 2074 locum
227 2007 396 2090 bimarem,
423 2007 623 2098 impegerunt
644 2027 777 2073 navema
806 2029 843 2072 ac
864 2029 959 2097 prora
980 2009 1111 2100 quidem
1132 2009 1176 2076 in·

33 2113 98 2180 lixa
121 2113 269 2182 manebat
285 2112 467 2197 immobilis,
489 2112 605 2206 puppis
627 2135 703 2179 vero
726 2111 935 2180 solvebatura
953 2114 986 2180 vi
1007 2105 1174 2184 undarum.

34 2217 91 2287 42.
105 2220 351 2289 Porromiliturn
363 2221 617 2303 consiliumerat,
638 2229 675 2285 ut
685 2218 810 2286 vinctos
825 2220 1010 2303 occiderent,
1032 2245 1073 2288 ne
1093 2215 1175 2313 quis,

34 2335 209 2416 postquam
238 2339 407 2410 enatasset,
434 2328 604 2419 aulugerct.
649 2319 704 2392 43.
731 2323 774 2392 At
796 2323 957 2408 Centurio,
979 2327 1091 2396 volens
1113 2351 1176 2396 ser·

34 2454 111 2498 vnre
133 2429 277 2516 Paulum,
299 2434 460 2524 probibuit
482 2457 539 2500 eos
562 2459 580 2499 a
602 2431 748 2516 consilio,
770 2423 938 2524 iussitque,
965 2443 1002 2500 ut
1024 2435 1079 2526 qui
1093 2450 1173 2528 'pos

35 2547 110 2602 sont
121 2548 237 2621 natam,
255 2539 422 2606 abiicerent
433 2563 467 2606 se
478 2540 609 2630 primos,
624 2540 699 2606 etin
710 2549 823 2606 terram
835 2540 1013 2625 evaderent,
1033 2536 1087 2611 44.
1099 2541 1175 2612 Cae·

36 2643 158 2730 letique
180 2645 294 2734 partim
317 2645 349 2712 in
371 2645 500 2730 tabulis,
522 2657 644 2738 partem
666 2647 698 2712 in
721 2645 861 2738 reliqniis
883 2647 989 2720 navist
1012 2651 1112 2720 etsie
1132 2651 1173 2720 itt-

33 2758 123 2816 ctum
146 2759 203 2834 est,
226 2761 262 2819 nt
284 2775 396 2821 omnes
418 2751 596 2823 incolumes
619 2753 789 2821 evaderent
809 2750 842 2820 in
866 2747 992 2824 terram.

113 2949 162 3010 33.
182 2951 222 3009 Et
248 2972 337 3032 pamm
358 2953 419 3012 dtas
439 2960 588 3034 taetpaeret.
629 2951 775 3032 Quicquid
799 2954 948 3014 coniiciant
966 2961 1084 3029 nautae,
1112 2977 1172 3019 non

32 3023 150 3083 vacillat
173 3026 256 3086 Pauli
280 3029 365 3104 fides,
395 3029 444 3088 sed
469 3039 633 3091 constanter
657 3035 686 3091 in
706 3034 922 3112 promissionem
941 3034 994 3092 eibi
1014 3033 1109 3094 datam
1128 3057 1173 3098 ro·

34 3103 158 3162 cambit:
187 3123 223 3162 ne
244 3125 280 3165 uo
305 3110 380 3168 enirn
404 3115 516 3168 tantum
540 3111 672 3172 hortator
697 3112 732 3170 ad
753 3113 921 3178 sumendum
941 3113 1049 3188 cibum,
1070 3115 1171 3180 utillo

32 3187 62 3242 in
95 3183 194 3244 ultima
269 3188 416 3265 potatione
439 3189 481 3248 sio
504 3189 641 3276 loquutus
659 3193 763 3267 lertnr,
793 3191 933 3254 Prandete
956 3193 1073 3267 milites,
1102 3215 1172 3258 nam

33 3261 112 3341 apud
138 3263 243 3322 interos
269 3266 465 3344 coenabitnus,
495 3270 544 3328 sod
564 3272 594 3328 in
614 3273 749 3330 vaticinio
766 3289 820 3332 suo
839 3273 992 3353 persistens
1012 3273 1088 3334 bono
1108 3295 1174 3338 esse

33 3345 132 3402 animo
165 3343 250 3403 iubet.
306 3345 338 3404 ln
372 3367 410 3408 eo
442 3366 474 3408 se
508 3351 604 3428 prodit
636 3351 680 3410 vis
713 3352 798 3426 lidci,
838 3353 907 3412 dum
936 3354 972 3413 ad
1003 3357 1174 3434 patientiam

31 3441 88 3480 nos
114 3431 219 3494 armat,
249 3431 279 3483 et
298 3428 455 3488 contrarios
479 3429 614 3502 insultus,
645 3430 747 3510 quibus
772 3451 837 3492 cam
856 3434 1034 3512 quatelacere
1052 3436 1171 3496 molitur

31 3504 137 3574 Satan,
162 3503 303 3582 intrepide
321 3509 427 3587 exeipit
446 3527 480 3568 ac
498 3511 654 3589 propulsat.
684 3509 742 3570 Sed
762 3513 840 3590 quod
860 3513 938 3576 dicit.
957 3531 1010 3595 per
1029 3515 1168 3595 diesque·
1226 3551 1230 3556 ·

34 3583 192 3646 tuor-decim
222 3585 332 3644 ieiunos
361 3589 510 3663 mansisse,
545 3589 698 3648 absurdum
727 3592 817 3649 viden
866 3599 950 3652 osset
1000 3591 1170 3674 Reperieba-

31 3663 342 3805 tttttttttt’tt
362 3667 630 3808 titillabit.
644 3669 869 3810 illailla&
887 3675 1169 3816 ilfflllifiiffi

31 3821 176 3896 insolitam
206 3822 260 3882 cibi
290 3767 501 3885 abstineniiama
532 3827 599 3906 qnia
628 3790 705 3886 lustri
732 3829 867 3889 munitio
895 3773 1041 3912 nniiqriiim
1069 3835 1166 3894 ιεῐιειί

29 3901 144 3960 [sterant
172 3919 225 3981 psr
254 3909 346 3962 totum
377 3905 446 3964 illud
466 3913 594 3987 tempus,
619 3913 651 3964 nt
671 3907 720 3985 qui
739 3927 870 3968 moerore
888 3919 1032 3991 anguntur
1051 3913 1111 3974 lem
1129 3915 1169 3974 acl

29 3975 128 4036 rilrtrm
147 3990 293 4045 nauseant.
333 3981 409 4062 Quia
429 3993 525 4046 antem
551 3986 653 4046 fastidii
674 4003 758 4048 caan
777 3995 839 4048 erat
857 3989 1165 4071 desparatio,·iton1m

28 4055 155 4118 alfinnat
184 4062 323 4139 viduans,
355 4065 442 4126 modo
462 4067 572 4126 animos
597 4064 738 4146 colligant.
778 4067 880 4152 Fidum
904 4073 980 4132 coitu
1006 4071 1094 4134 Verbi
1112 4077 1164 4134 rni-

30 4138 151 4196 nistrum
182 4149 296 4220 oportet
324 4142 382 4203 nbn
412 4148 613 4226 promissiones
643 4145 731 4206 modo
759 4149 789 4207 in
818 4150 944 4210 medinm
968 4153 1084 4228 afferre,
1113 4156 1165 4216 sed

29 4218 182 4277 eonsilium
213 4221 297 4280 simul
327 4225 444 4298 addere,
475 4233 508 4286 ut
537 4225 666 4287 homiues
695 4225 790 4287 Deum
820 4237 970 4290 vocantem
998 4242 1171 4313 sequentum:

28 4315 90 4356 non
119 4307 213 4360 antem
239 4302 334 4380 ignavi
357 4311 389 4365 et
411 4304 526 4367 hebetes
546 4308 669 4370 sedeant.
709 4305 801 4384 Porro
820 4327 919 4370 meus
938 4309 1091 4374 vcrbmum
1109 4321 1163 4390 erl,
