<?xml version="1.0" encoding="UTF-8"?>
<!DOCTYPE html PUBLIC "-//W3C//DTD XHTML 1.0 Transitional//EN"
    "http://www.w3.org/TR/xhtml1/DTD/xhtml1-transitional.dtd">
<html xmlns="http://www.w3.org/1999/xhtml" xml:lang="en" lang="en">
 <head>
  <title>
</title>
<meta http-equiv="Content-Type" content="text/html;charset=utf-8" />
  <meta name='ocr-system' content='tesseract 3.04.00' />
  <meta name='ocr-capabilities' content='ocr_page ocr_carea ocr_par ocr_line ocrx_word'/>
</head>
<body>
  <div class='ocr_page' id='page_1' title='image "./innovumtestamen00tholgoog_0061.png"; bbox 0 0 2810 4850; ppageno 0'>
   <div class='ocr_carea' id='block_1_1' title="bbox 90 4293 99 4308">
    <p class='ocr_par' dir='ltr' id='par_1_1' title="bbox 3 3987 99 4527">
     <span class='ocr_line' id='line_1_1' title="bbox 90 4293 99 4308; baseline 0 0"><span class='ocrx_word' id='word_1_1' title='bbox 90 4293 99 4308; x_wconf 83' lang='lat'><em>.</em></span> 
     </span>
    </p>
   </div>
   <div class='ocr_carea' id='block_1_2' title="bbox 171 175 917 312">
    <p class='ocr_par' dir='ltr' id='par_1_2' title="bbox 171 175 917 312">
     <span class='ocr_line' id='line_1_2' title="bbox 171 175 917 312; baseline -0.004 -36"><span class='ocrx_word' id='word_1_2' title='bbox 171 220 211 286; x_wconf 74' lang='lat' dir='ltr'><strong>rs</strong></span> <span class='ocrx_word' id='word_1_3' title='bbox 532 175 917 312; x_wconf 71' lang='lat' dir='ltr'><strong>&#39;urrnaaroruu</strong></span> 
     </span>
    </p>
   </div>
   <div class='ocr_carea' id='block_1_3' title="bbox 171 327 1402 415">
    <p class='ocr_par' dir='ltr' id='par_1_3' title="bbox 171 327 1402 415">
     <span class='ocr_line' id='line_1_3' title="bbox 171 327 1402 415; baseline -0.018 -3"><span class='ocrx_word' id='word_1_4' title='bbox 171 331 269 410; x_wconf 52' lang='grc' dir='ltr'><strong>ΜΝ,</strong></span> <span class='ocrx_word' id='word_1_5' title='bbox 286 339 322 396; x_wconf 90' lang='lat' dir='ltr'><strong>ut</strong></span> <span class='ocrx_word' id='word_1_6' title='bbox 338 332 458 393; x_wconf 78' lang='lat' dir='ltr'><strong>sulutem</strong></span> <span class='ocrx_word' id='word_1_7' title='bbox 476 331 507 391; x_wconf 91' lang='lat' dir='ltr'><strong>in</strong></span> <span class='ocrx_word' id='word_1_8' title='bbox 524 337 645 393; x_wconf 81' lang='lat' dir='ltr'><strong>externo</strong></span> <span class='ocrx_word' id='word_1_9' title='bbox 664 333 745 413; x_wconf 80' lang='lat' dir='ltr'><strong>signo</strong></span> <span class='ocrx_word' id='word_1_10' title='bbox 763 329 905 406; x_wconf 87' lang='lat' dir='ltr'><strong>iuuludat,</strong></span> <span class='ocrx_word' id='word_1_11' title='bbox 924 327 976 392; x_wconf 87' lang='lat' dir='ltr'><strong>sed</strong></span> <span class='ocrx_word' id='word_1_12' title='bbox 993 327 1067 397; x_wconf 21' lang='lat' dir='ltr'><strong>ideo,</strong></span> <span class='ocrx_word' id='word_1_13' title='bbox 1099 333 1177 393; x_wconf 88' lang='lat' dir='ltr'><strong>otius</strong></span> <span class='ocrx_word' id='word_1_14' title='bbox 1197 351 1304 415; x_wconf 82' lang='lat' dir='ltr'><strong>squam</strong></span> <span class='ocrx_word' id='word_1_15' title='bbox 1401 365 1402 374; x_wconf 32' lang='grc' dir='ltr'><strong>ι</strong></span> 
     </span>
    </p>
   </div>
   <div class='ocr_carea' id='block_1_4' title="bbox 171 399 1307 512">
    <p class='ocr_par' dir='ltr' id='par_1_4' title="bbox 171 399 1307 512">
     <span class='ocr_line' id='line_1_4' title="bbox 171 399 1307 512; baseline 0 -37"><span class='ocrx_word' id='word_1_16' title='bbox 171 399 283 498; x_wconf 55' lang='lat' dir='ltr'><strong>praru</strong></span> <span class='ocrx_word' id='word_1_17' title='bbox 301 411 442 492; x_wconf 59' lang='lat' dir='ltr'><strong>sumpt,</strong></span> <span class='ocrx_word' id='word_1_18' title='bbox 459 409 526 491; x_wconf 69' lang='lat' dir='ltr'><strong>qna</strong></span> <span class='ocrx_word' id='word_1_19' title='bbox 545 411 598 472; x_wconf 72' lang='lat' dir='ltr'><strong>sun</strong></span> <span class='ocrx_word' id='word_1_20' title='bbox 616 411 667 474; x_wconf 77' lang='lat' dir='ltr'><strong>sno</strong></span> <span class='ocrx_word' id='word_1_21' title='bbox 685 411 790 473; x_wconf 70' lang='lat' dir='ltr'><strong>uuum</strong></span> <span class='ocrx_word' id='word_1_22' title='bbox 808 410 955 491; x_wconf 73' lang='lat' dir='ltr'><strong>symsoro,</strong></span> <span class='ocrx_word' id='word_1_23' title='bbox 982 429 1069 490; x_wconf 61' lang='lat' dir='ltr'><strong>pam</strong></span> <span class='ocrx_word' id='word_1_24' title='bbox 1119 431 1172 473; x_wconf 71' lang='lat' dir='ltr'><strong>sus</strong></span> <span class='ocrx_word' id='word_1_25' title='bbox 1192 413 1307 512; x_wconf 73' lang='lat' dir='ltr'><strong>spisso</strong></span> 
     </span>
    </p>
   </div>
   <div class='ocr_carea' id='block_1_5' title="bbox 130 483 1402 580">
    <p class='ocr_par' dir='ltr' id='par_1_5' title="bbox 130 483 1402 580">
     <span class='ocr_line' id='line_1_5' title="bbox 130 483 1402 580; baseline -0.037 -21"><span class='ocrx_word' id='word_1_26' title='bbox 130 559 133 580; x_wconf 38' lang='lat'>1</span> <span class='ocrx_word' id='word_1_27' title='bbox 171 515 226 558; x_wconf 85' lang='lat' dir='ltr'><strong>suo</strong></span> <span class='ocrx_word' id='word_1_28' title='bbox 245 495 319 555; x_wconf 81' lang='lat' dir='ltr'><strong>ritae</strong></span> <span class='ocrx_word' id='word_1_29' title='bbox 336 493 494 553; x_wconf 83' lang='lat' dir='ltr'><strong>novitatem</strong></span> <span class='ocrx_word' id='word_1_30' title='bbox 517 493 596 552; x_wconf 89' lang='lat' dir='ltr'><strong>solus</strong></span> <span class='ocrx_word' id='word_1_31' title='bbox 618 493 650 554; x_wconf 90' lang='lat' dir='ltr'><strong>iu</strong></span> <span class='ocrx_word' id='word_1_32' title='bbox 671 483 754 552; x_wconf 89' lang='lat' dir='ltr'><strong>nobis</strong></span> <span class='ocrx_word' id='word_1_33' title='bbox 777 489 879 567; x_wconf 86' lang='lat' dir='ltr'><strong>efficit,</strong></span> <span class='ocrx_word' id='word_1_34' title='bbox 907 495 1028 551; x_wconf 64' lang='lat' dir='ltr'><strong>testam</strong></span> <span class='ocrx_word' id='word_1_35' title='bbox 1050 497 1138 574; x_wconf 53' lang='lat' dir='ltr'><strong>,tque</strong></span> <span class='ocrx_word' id='word_1_36' title='bbox 1162 491 1306 578; x_wconf 49' lang='lat' dir='ltr'><strong>„bagua</strong></span> <span class='ocrx_word' id='word_1_37' title='bbox 1401 503 1402 512; x_wconf 73' lang='grc'>,</span> 
     </span>
    </p>
   </div>
   <div class='ocr_carea' id='block_1_6' title="bbox 170 567 1308 973">
    <p class='ocr_par' dir='ltr' id='par_1_6' title="bbox 170 567 1308 973">
     <span class='ocr_line' id='line_1_6' title="bbox 171 567 1307 654; baseline -0.001 -18"><span class='ocrx_word' id='word_1_38' title='bbox 171 575 280 646; x_wconf 82' lang='lat' dir='ltr'><strong>Verum</strong></span> <span class='ocrx_word' id='word_1_39' title='bbox 299 571 419 652; x_wconf 85' lang='lat' dir='ltr'><strong>quidem</strong></span> <span class='ocrx_word' id='word_1_40' title='bbox 432 577 490 646; x_wconf 89' lang='lat' dir='ltr'><strong>est,</strong></span> <span class='ocrx_word' id='word_1_41' title='bbox 508 567 641 654; x_wconf 87' lang='lat' dir='ltr'><strong>baptismi</strong></span> <span class='ocrx_word' id='word_1_42' title='bbox 659 571 791 654; x_wconf 78' lang='lat' dir='ltr'><strong>neglectu</strong></span> <span class='ocrx_word' id='word_1_43' title='bbox 810 570 900 632; x_wconf 86' lang='lat' dir='ltr'><strong>areeri</strong></span> <span class='ocrx_word' id='word_1_44' title='bbox 917 589 972 630; x_wconf 92' lang='lat' dir='ltr'><strong>nos</strong></span> <span class='ocrx_word' id='word_1_45' title='bbox 991 588 1009 630; x_wconf 86' lang='lat' dir='ltr'><strong>a</strong></span> <span class='ocrx_word' id='word_1_46' title='bbox 1028 571 1129 648; x_wconf 85' lang='lat' dir='ltr'><strong>salute,</strong></span> <span class='ocrx_word' id='word_1_47' title='bbox 1148 567 1307 654; x_wconf 79' lang='lat' dir='ltr'><strong>atquelioo</strong></span> 
     </span>
     <span class='ocr_line' id='line_1_7' title="bbox 172 649 1306 734; baseline -0.001 -18"><span class='ocrx_word' id='word_1_48' title='bbox 172 675 258 717; x_wconf 87' lang='lat' dir='ltr'><strong>sensu</strong></span> <span class='ocrx_word' id='word_1_49' title='bbox 280 653 471 712; x_wconf 77' lang='lat' dir='ltr'><strong>necessarium</strong></span> <span class='ocrx_word' id='word_1_50' title='bbox 498 671 561 712; x_wconf 88' lang='lat' dir='ltr'><strong>esse</strong></span> <span class='ocrx_word' id='word_1_51' title='bbox 588 651 692 712; x_wconf 78' lang='lat' dir='ltr'><strong>fateat:</strong></span> <span class='ocrx_word' id='word_1_52' title='bbox 722 651 774 713; x_wconf 87' lang='lat' dir='ltr'><strong>sed</strong></span> <span class='ocrx_word' id='word_1_53' title='bbox 796 652 895 713; x_wconf 87' lang='lat' dir='ltr'><strong>salutis</strong></span> <span class='ocrx_word' id='word_1_54' title='bbox 917 649 1023 711; x_wconf 86' lang='lat' dir='ltr'><strong>lidueia</strong></span> <span class='ocrx_word' id='word_1_55' title='bbox 1047 659 1230 734; x_wconf 74' lang='lat' dir='ltr'><strong>praepostere</strong></span> <span class='ocrx_word' id='word_1_56' title='bbox 1249 653 1306 714; x_wconf 87' lang='lat' dir='ltr'><strong>sub</strong></span> 
     </span>
     <span class='ocr_line' id='line_1_8' title="bbox 187 727 1307 810; baseline 0.001 -17"><span class='ocrx_word' id='word_1_57' title='bbox 187 737 195 754; x_wconf 83' lang='lat'>&#39;</span> <span class='ocrx_word' id='word_1_58' title='bbox 235 752 252 793; x_wconf 96' lang='lat' dir='ltr'><strong>o</strong></span> <span class='ocrx_word' id='word_1_59' title='bbox 271 731 431 798; x_wconf 75' lang='lat' dir='ltr'><strong>includitur.</strong></span> <span class='ocrx_word' id='word_1_60' title='bbox 471 727 620 810; x_wconf 82' lang='lat' dir='ltr'><strong>Quantum</strong></span> <span class='ocrx_word' id='word_1_61' title='bbox 638 751 709 793; x_wconf 89' lang='lat' dir='ltr'><strong>vero</strong></span> <span class='ocrx_word' id='word_1_62' title='bbox 729 731 767 792; x_wconf 88' lang='lat' dir='ltr'><strong>ad</strong></span> <span class='ocrx_word' id='word_1_63' title='bbox 785 731 863 792; x_wconf 90' lang='lat' dir='ltr'><strong>hune</strong></span> <span class='ocrx_word' id='word_1_64' title='bbox 881 731 978 791; x_wconf 86' lang='lat' dir='ltr'><strong>locum</strong></span> <span class='ocrx_word' id='word_1_65' title='bbox 997 732 1099 791; x_wconf 85' lang='lat' dir='ltr'><strong>attinet</strong></span> <span class='ocrx_word' id='word_1_66' title='bbox 1115 733 1195 793; x_wconf 88' lang='lat' dir='ltr'><strong>nulld</strong></span> <span class='ocrx_word' id='word_1_67' title='bbox 1214 733 1307 794; x_wconf 91' lang='lat' dir='ltr'><strong>modo</strong></span> 
     </span>
     <span class='ocr_line' id='line_1_9' title="bbox 170 809 1308 894; baseline 0.002 -20"><span class='ocrx_word' id='word_1_68' title='bbox 170 833 188 874; x_wconf 86' lang='lat' dir='ltr'><strong>a</strong></span> <span class='ocrx_word' id='word_1_69' title='bbox 208 814 311 880; x_wconf 82' lang='lat' dir='ltr'><strong>dueor,</strong></span> <span class='ocrx_word' id='word_1_70' title='bbox 339 817 373 871; x_wconf 88' lang='lat' dir='ltr'><strong>ut</strong></span> <span class='ocrx_word' id='word_1_71' title='bbox 392 809 539 872; x_wconf 82' lang='lat' dir='ltr'><strong>Christum</strong></span> <span class='ocrx_word' id='word_1_72' title='bbox 558 811 594 873; x_wconf 94' lang='lat' dir='ltr'><strong>de</strong></span> <span class='ocrx_word' id='word_1_73' title='bbox 612 810 754 894; x_wconf 87' lang='lat' dir='ltr'><strong>baptismo</strong></span> <span class='ocrx_word' id='word_1_74' title='bbox 773 811 861 872; x_wconf 73' lang='lat' dir='ltr'><strong>sudu</strong></span> <span class='ocrx_word' id='word_1_75' title='bbox 880 809 973 870; x_wconf 86' lang='lat' dir='ltr'><strong>lanera</strong></span> <span class='ocrx_word' id='word_1_76' title='bbox 993 810 1122 870; x_wconf 82' lang='lat' dir='ltr'><strong>credam:</strong></span> <span class='ocrx_word' id='word_1_77' title='bbox 1151 811 1208 873; x_wconf 89' lang='lat' dir='ltr'><strong>hoo</strong></span> <span class='ocrx_word' id='word_1_78' title='bbox 1226 815 1308 876; x_wconf 88' lang='lat' dir='ltr'><strong>enim</strong></span> 
     </span>
     <span class='ocr_line' id='line_1_10' title="bbox 170 889 1306 973; baseline -0.002 -19"><span class='ocrx_word' id='word_1_79' title='bbox 170 893 272 954; x_wconf 87' lang='lat' dir='ltr'><strong>luisset</strong></span> <span class='ocrx_word' id='word_1_80' title='bbox 288 891 526 973; x_wconf 87' lang='lat' dir='ltr'><strong>intempestivum.</strong></span> <span class='ocrx_word' id='word_1_81' title='bbox 576 889 743 952; x_wconf 79' lang='lat' dir='ltr'><strong>Tenendum</strong></span> <span class='ocrx_word' id='word_1_82' title='bbox 765 893 842 953; x_wconf 91' lang='lat' dir='ltr'><strong>enim</strong></span> <span class='ocrx_word' id='word_1_83' title='bbox 861 909 974 972; x_wconf 80' lang='lat' dir='ltr'><strong>semper</strong></span> <span class='ocrx_word' id='word_1_84' title='bbox 991 892 1132 950; x_wconf 85' lang='lat' dir='ltr'><strong>memoria</strong></span> <span class='ocrx_word' id='word_1_85' title='bbox 1151 899 1195 952; x_wconf 88' lang='lat' dir='ltr'><strong>est</strong></span> <span class='ocrx_word' id='word_1_86' title='bbox 1214 894 1306 952; x_wconf 87' lang='lat' dir='ltr'><strong>eonsi-</strong></span> 
     </span>
    </p>
   </div>
   <div class='ocr_carea' id='block_1_7' title="bbox 120 968 1402 1134">
    <p class='ocr_par' dir='ltr' id='par_1_7' title="bbox 120 968 1402 1134">
     <span class='ocr_line' id='line_1_11' title="bbox 120 968 1307 1054; baseline -0.001 -21"><span class='ocrx_word' id='word_1_87' title='bbox 120 992 122 1002; x_wconf 78' lang='grc'><strong><em>’</em></strong></span> <span class='ocrx_word' id='word_1_88' title='bbox 170 970 241 1034; x_wconf 90' lang='lat' dir='ltr'><strong>lium</strong></span> <span class='ocrx_word' id='word_1_89' title='bbox 262 970 378 1046; x_wconf 85' lang='lat' dir='ltr'><strong>Christi,</strong></span> <span class='ocrx_word' id='word_1_90' title='bbox 397 969 475 1052; x_wconf 91' lang='lat' dir='ltr'><strong>quod</strong></span> <span class='ocrx_word' id='word_1_91' title='bbox 494 977 561 1032; x_wconf 88' lang='lat' dir='ltr'><strong>ante</strong></span> <span class='ocrx_word' id='word_1_92' title='bbox 580 973 778 1054; x_wconf 84' lang='lat' dir='ltr'><strong>exposuimus:</strong></span> <span class='ocrx_word' id='word_1_93' title='bbox 797 989 901 1052; x_wconf 89' lang='lat' dir='ltr'><strong>nempe</strong></span> <span class='ocrx_word' id='word_1_94' title='bbox 911 969 989 1050; x_wconf 92' lang='lat' dir='ltr'><strong>quod</strong></span> <span class='ocrx_word' id='word_1_95' title='bbox 999 968 1189 1030; x_wconf 80' lang='lat' dir='ltr'><strong>Nicodemum</strong></span> <span class='ocrx_word' id='word_1_96' title='bbox 1198 968 1307 1032; x_wconf 85' lang='lat' dir='ltr'><strong>hortasi</strong></span> 
     </span>
     <span class='ocr_line' id='line_1_12' title="bbox 169 1048 1402 1134; baseline 0 -24"><span class='ocrx_word' id='word_1_97' title='bbox 169 1051 264 1112; x_wconf 79' lang='lat' dir='ltr'><strong>voluit</strong></span> <span class='ocrx_word' id='word_1_98' title='bbox 281 1051 319 1110; x_wconf 89' lang='lat' dir='ltr'><strong>ad</strong></span> <span class='ocrx_word' id='word_1_99' title='bbox 337 1052 413 1111; x_wconf 84' lang='lat' dir='ltr'><strong>vitae</strong></span> <span class='ocrx_word' id='word_1_100' title='bbox 431 1051 596 1125; x_wconf 80' lang='lat' dir='ltr'><strong>novitatem,</strong></span> <span class='ocrx_word' id='word_1_101' title='bbox 616 1053 683 1134; x_wconf 90' lang='lat' dir='ltr'><strong>quia</strong></span> <span class='ocrx_word' id='word_1_102' title='bbox 701 1048 848 1132; x_wconf 84' lang='lat' dir='ltr'><strong>Evangelii</strong></span> <span class='ocrx_word' id='word_1_103' title='bbox 867 1069 960 1131; x_wconf 85' lang='lat' dir='ltr'><strong>capax</strong></span> <span class='ocrx_word' id='word_1_104' title='bbox 972 1056 1112 1125; x_wconf 80' lang='lat' dir='ltr'><strong>nouerat,</strong></span> <span class='ocrx_word' id='word_1_105' title='bbox 1132 1049 1307 1111; x_wconf 87' lang='lat' dir='ltr'><strong>doneealius</strong></span> <span class='ocrx_word' id='word_1_106' title='bbox 1401 1123 1402 1126; x_wconf 8' lang='grc' dir='ltr'><strong>Ἴ</strong></span> 
     </span>
    </p>
   </div>
   <div class='ocr_carea' id='block_1_8' title="bbox 169 1129 1307 1614">
    <p class='ocr_par' dir='ltr' id='par_1_8' title="bbox 169 1129 1307 1614">
     <span class='ocr_line' id='line_1_13' title="bbox 169 1129 1305 1229; baseline -0.004 -35"><span class='ocrx_word' id='word_1_107' title='bbox 169 1129 259 1194; x_wconf 88' lang='lat' dir='ltr'><strong>horno</strong></span> <span class='ocrx_word' id='word_1_108' title='bbox 278 1149 348 1227; x_wconf 44' lang='lat' dir='ltr'><strong>esse·</strong></span> <span class='ocrx_word' id='word_1_109' title='bbox 359 1131 505 1211; x_wconf 81' lang='lat' dir='ltr'><strong>inciperet</strong></span> <span class='ocrx_word' id='word_1_110' title='bbox 543 1129 596 1192; x_wconf 84' lang='lat' dir='ltr'><strong>Est</strong></span> <span class='ocrx_word' id='word_1_111' title='bbox 614 1132 776 1229; x_wconf 40' lang='lat' dir='ltr'><strong>{dimidia</strong></span> <span class='ocrx_word' id='word_1_112' title='bbox 795 1137 825 1192; x_wconf 88' lang='lat' dir='ltr'><strong>et</strong></span> <span class='ocrx_word' id='word_1_113' title='bbox 843 1129 966 1224; x_wconf 83' lang='lat' dir='ltr'><strong>simplex</strong></span> <span class='ocrx_word' id='word_1_114' title='bbox 985 1131 1134 1226; x_wconf 73' lang='lat' dir='ltr'><strong>sententia,</strong></span> <span class='ocrx_word' id='word_1_115' title='bbox 1152 1131 1305 1226; x_wconf 73' lang='lat' dir='ltr'><strong>nosdein·</strong></span> 
     </span>
     <span class='ocr_line' id='line_1_14' title="bbox 169 1209 1306 1369; baseline 0.001 -20"><span class='ocrx_word' id='word_1_116' title='bbox 169 1217 253 1292; x_wconf 58' lang='lat' dir='ltr'><strong>“u</strong></span> <span class='ocrx_word' id='word_1_117' title='bbox 272 1210 642 1352; x_wconf 65' lang='lat' dir='ltr'><strong>saumae</strong></span> <span class='ocrx_word' id='word_1_118' title='bbox 658 1209 942 1352; x_wconf 58' lang='lat' dir='ltr'><strong>tatur-stt</strong></span> <span class='ocrx_word' id='word_1_119' title='bbox 961 1209 1047 1350; x_wconf 68' lang='lat' dir='ltr'><strong>ts</strong></span> <span class='ocrx_word' id='word_1_120' title='bbox 1063 1209 1306 1369; x_wconf 64' lang='lat' dir='ltr'><strong>uasere</strong></span> 
     </span>
     <span class='ocr_line' id='line_1_15' title="bbox 170 1297 1307 1454; baseline 0.001 -25"><span class='ocrx_word' id='word_1_121' title='bbox 170 1297 350 1450; x_wconf 54' lang='lat' dir='ltr'><strong>ffigdrieglrdl</strong></span> <span class='ocrx_word' id='word_1_122' title='bbox 366 1370 586 1454; x_wconf 79' lang='lat' dir='ltr'><strong>palingenesiam</strong></span> <span class='ocrx_word' id='word_1_123' title='bbox 605 1372 773 1446; x_wconf 81' lang='lat' dir='ltr'><strong>somniaret,</strong></span> <span class='ocrx_word' id='word_1_124' title='bbox 803 1369 935 1435; x_wconf 83' lang='lat' dir='ltr'><strong>Christrrs</strong></span> <span class='ocrx_word' id='word_1_125' title='bbox 952 1309 994 1429; x_wconf 74' lang='lat' dir='ltr'><strong>qp</strong></span> <span class='ocrx_word' id='word_1_126' title='bbox 1010 1367 1090 1430; x_wconf 88' lang='lat' dir='ltr'><strong>hune</strong></span> <span class='ocrx_word' id='word_1_127' title='bbox 1112 1369 1154 1429; x_wconf 90' lang='lat' dir='ltr'><strong>illi</strong></span> <span class='ocrx_word' id='word_1_128' title='bbox 1178 1385 1307 1430; x_wconf 86' lang='lat' dir='ltr'><strong>errorem</strong></span> 
     </span>
     <span class='ocr_line' id='line_1_16' title="bbox 171 1445 1307 1546; baseline -0.001 -35"><span class='ocrx_word' id='word_1_129' title='bbox 171 1452 319 1526; x_wconf 82' lang='lat' dir='ltr'><strong>eximeret,</strong></span> <span class='ocrx_word' id='word_1_130' title='bbox 337 1451 578 1546; x_wconf 86' lang='lat' dir='ltr'><strong>interpretationis</strong></span> <span class='ocrx_word' id='word_1_131' title='bbox 598 1453 660 1511; x_wconf 86' lang='lat' dir='ltr'><strong>vioe</strong></span> <span class='ocrx_word' id='word_1_132' title='bbox 679 1451 794 1528; x_wconf 89' lang='lat' dir='ltr'><strong>addidit,</strong></span> <span class='ocrx_word' id='word_1_133' title='bbox 812 1469 873 1511; x_wconf 92' lang='lat' dir='ltr'><strong>non</strong></span> <span class='ocrx_word' id='word_1_134' title='bbox 891 1445 954 1511; x_wconf 84' lang='lat' dir='ltr'><strong>fieri</strong></span> <span class='ocrx_word' id='word_1_135' title='bbox 963 1449 1130 1546; x_wconf 76' lang='lat' dir='ltr'><strong>naturpliter</strong></span> <span class='ocrx_word' id='word_1_136' title='bbox 1137 1455 1171 1510; x_wconf 91' lang='lat' dir='ltr'><strong>ut</strong></span> <span class='ocrx_word' id='word_1_137' title='bbox 1180 1447 1307 1510; x_wconf 87' lang='lat' dir='ltr'><strong>seeundo</strong></span> 
     </span>
     <span class='ocr_line' id='line_1_17' title="bbox 170 1528 1307 1614; baseline -0.004 -22"><span class='ocrx_word' id='word_1_138' title='bbox 170 1535 324 1592; x_wconf 82' lang='lat' dir='ltr'><strong>naseuntur</strong></span> <span class='ocrx_word' id='word_1_139' title='bbox 342 1528 482 1605; x_wconf 91' lang='lat' dir='ltr'><strong>humrnes,</strong></span> <span class='ocrx_word' id='word_1_140' title='bbox 500 1549 555 1591; x_wconf 88' lang='lat' dir='ltr'><strong>nee</strong></span> <span class='ocrx_word' id='word_1_141' title='bbox 574 1549 647 1614; x_wconf 91' lang='lat' dir='ltr'><strong>opus</strong></span> <span class='ocrx_word' id='word_1_142' title='bbox 666 1550 729 1592; x_wconf 89' lang='lat' dir='ltr'><strong>osse</strong></span> <span class='ocrx_word' id='word_1_143' title='bbox 748 1537 782 1592; x_wconf 93' lang='lat' dir='ltr'><strong>ut</strong></span> <span class='ocrx_word' id='word_1_144' title='bbox 800 1531 1037 1610; x_wconf 87' lang='lat' dir='ltr'><strong>alterumoorpus</strong></span> <span class='ocrx_word' id='word_1_145' title='bbox 1047 1528 1175 1604; x_wconf 86' lang='lat' dir='ltr'><strong>mdnant,</strong></span> <span class='ocrx_word' id='word_1_146' title='bbox 1193 1529 1244 1591; x_wconf 88' lang='lat' dir='ltr'><strong>sed</strong></span> <span class='ocrx_word' id='word_1_147' title='bbox 1255 1548 1307 1588; x_wconf 85' lang='lat' dir='ltr'><strong>na·</strong></span> 
     </span>
    </p>
   </div>
   <div class='ocr_carea' id='block_1_9' title="bbox 172 1607 1402 1694">
    <p class='ocr_par' dir='ltr' id='par_1_9' title="bbox 172 1607 1402 1694">
     <span class='ocr_line' id='line_1_18' title="bbox 172 1607 1402 1694; baseline -0.002 -23"><span class='ocrx_word' id='word_1_148' title='bbox 172 1611 228 1684; x_wconf 87' lang='lat' dir='ltr'><strong>sei,</strong></span> <span class='ocrx_word' id='word_1_149' title='bbox 258 1629 349 1690; x_wconf 90' lang='lat' dir='ltr'><strong>quum</strong></span> <span class='ocrx_word' id='word_1_150' title='bbox 372 1616 468 1671; x_wconf 89' lang='lat' dir='ltr'><strong>mente</strong></span> <span class='ocrx_word' id='word_1_151' title='bbox 491 1616 521 1672; x_wconf 88' lang='lat' dir='ltr'><strong>et</strong></span> <span class='ocrx_word' id='word_1_152' title='bbox 539 1611 635 1671; x_wconf 89' lang='lat' dir='ltr'><strong>animo</strong></span> <span class='ocrx_word' id='word_1_153' title='bbox 653 1616 827 1672; x_wconf 86' lang='lat' dir='ltr'><strong>renovantur</strong></span> <span class='ocrx_word' id='word_1_154' title='bbox 839 1629 898 1694; x_wconf 87' lang='lat' dir='ltr'><strong>per</strong></span> <span class='ocrx_word' id='word_1_155' title='bbox 915 1607 1040 1692; x_wconf 72' lang='lat' dir='ltr'><strong>Spiritus</strong></span> <span class='ocrx_word' id='word_1_156' title='bbox 1059 1610 1187 1690; x_wconf 87' lang='lat' dir='ltr'><strong>gratiam.</strong></span> <span class='ocrx_word' id='word_1_157' title='bbox 1235 1607 1306 1668; x_wconf 88' lang='lat' dir='ltr'><strong>Ideo</strong></span> <span class='ocrx_word' id='word_1_158' title='bbox 1401 1645 1402 1650; x_wconf 23' lang='grc' dir='ltr'><strong>κ</strong></span> 
     </span>
    </p>
   </div>
   <div class='ocr_carea' id='block_1_10' title="bbox 171 1687 1306 1772">
    <p class='ocr_par' dir='ltr' id='par_1_10' title="bbox 171 1687 1306 1772">
     <span class='ocr_line' id='line_1_19' title="bbox 171 1687 1306 1772; baseline 0 -24"><span class='ocrx_word' id='word_1_159' title='bbox 171 1689 303 1772; x_wconf 83' lang='lat' dir='ltr'><strong>spiritum</strong></span> <span class='ocrx_word' id='word_1_160' title='bbox 321 1695 351 1750; x_wconf 92' lang='lat' dir='ltr'><strong>et</strong></span> <span class='ocrx_word' id='word_1_161' title='bbox 370 1709 475 1770; x_wconf 90' lang='lat' dir='ltr'><strong>aquam</strong></span> <span class='ocrx_word' id='word_1_162' title='bbox 513 1690 670 1753; x_wconf 67' lang='lat' dir='ltr'><strong>rer-eodem</strong></span> <span class='ocrx_word' id='word_1_163' title='bbox 693 1692 803 1772; x_wconf 90' lang='lat' dir='ltr'><strong>posuit,</strong></span> <span class='ocrx_word' id='word_1_164' title='bbox 830 1708 926 1772; x_wconf 87' lang='lat' dir='ltr'><strong>neque</strong></span> <span class='ocrx_word' id='word_1_165' title='bbox 953 1688 1011 1749; x_wconf 88' lang='lat' dir='ltr'><strong>hoo</strong></span> <span class='ocrx_word' id='word_1_166' title='bbox 1035 1687 1142 1749; x_wconf 89' lang='lat' dir='ltr'><strong>durum</strong></span> <span class='ocrx_word' id='word_1_167' title='bbox 1156 1691 1216 1750; x_wconf 70' lang='lat' dir='ltr'><strong>‘aut</strong></span> <span class='ocrx_word' id='word_1_168' title='bbox 1239 1707 1306 1748; x_wconf 85' lang='lat' dir='ltr'><strong>eoa·</strong></span> 
     </span>
    </p>
   </div>
   <div class='ocr_carea' id='block_1_11' title="bbox 172 1766 1402 1850">
    <p class='ocr_par' dir='ltr' id='par_1_11' title="bbox 172 1766 1402 1850">
     <span class='ocr_line' id='line_1_20' title="bbox 172 1766 1402 1850; baseline 0 -20"><span class='ocrx_word' id='word_1_169' title='bbox 172 1775 252 1830; x_wconf 89' lang='lat' dir='ltr'><strong>otum</strong></span> <span class='ocrx_word' id='word_1_170' title='bbox 271 1767 361 1829; x_wconf 81' lang='lat' dir='ltr'><strong>videri</strong></span> <span class='ocrx_word' id='word_1_171' title='bbox 380 1769 471 1832; x_wconf 89' lang='lat' dir='ltr'><strong>debet.</strong></span> <span class='ocrx_word' id='word_1_172' title='bbox 524 1789 647 1850; x_wconf 88' lang='lat' dir='ltr'><strong>requens</strong></span> <span class='ocrx_word' id='word_1_173' title='bbox 666 1789 701 1832; x_wconf 87' lang='lat' dir='ltr'><strong>ae</strong></span> <span class='ocrx_word' id='word_1_174' title='bbox 718 1771 802 1830; x_wconf 85' lang='lat' dir='ltr'><strong>tritus</strong></span> <span class='ocrx_word' id='word_1_175' title='bbox 821 1769 957 1850; x_wconf 89' lang='lat' dir='ltr'><strong>loquendi</strong></span> <span class='ocrx_word' id='word_1_176' title='bbox 975 1786 1039 1830; x_wconf 88' lang='lat' dir='ltr'><strong>mos</strong></span> <span class='ocrx_word' id='word_1_177' title='bbox 1054 1766 1306 1848; x_wconf 85' lang='lat' dir='ltr'><strong>estinSeriptura,</strong></span> <span class='ocrx_word' id='word_1_178' title='bbox 1401 1793 1402 1844; x_wconf 77' lang='lat'>3</span> 
     </span>
    </p>
   </div>
   <div class='ocr_carea' id='block_1_12' title="bbox 170 1845 1309 3506">
    <p class='ocr_par' dir='ltr' id='par_1_12' title="bbox 171 1845 1309 2728">
     <span class='ocr_line' id='line_1_21' title="bbox 213 1845 1305 1932; baseline -0.001 -23"><span class='ocrx_word' id='word_1_179' title='bbox 213 1869 263 1909; x_wconf 91' lang='lat' dir='ltr'><strong>um</strong></span> <span class='ocrx_word' id='word_1_180' title='bbox 282 1847 319 1908; x_wconf 89' lang='lat' dir='ltr'><strong>de</strong></span> <span class='ocrx_word' id='word_1_181' title='bbox 337 1846 448 1930; x_wconf 83' lang='lat' dir='ltr'><strong>Spiritu</strong></span> <span class='ocrx_word' id='word_1_182' title='bbox 466 1847 501 1908; x_wconf 89' lang='lat' dir='ltr'><strong>fit</strong></span> <span class='ocrx_word' id='word_1_183' title='bbox 519 1850 641 1926; x_wconf 89' lang='lat' dir='ltr'><strong>mentio,</strong></span> <span class='ocrx_word' id='word_1_184' title='bbox 670 1849 707 1910; x_wconf 88' lang='lat' dir='ltr'><strong>sd</strong></span> <span class='ocrx_word' id='word_1_185' title='bbox 731 1849 946 1932; x_wconf 64' lang='lat' dir='ltr'><strong>opprimendam</strong></span> <span class='ocrx_word' id='word_1_186' title='bbox 969 1850 1030 1910; x_wconf 85' lang='lat' dir='ltr'><strong>eius</strong></span> <span class='ocrx_word' id='word_1_187' title='bbox 1055 1849 1115 1907; x_wconf 85' lang='lat' dir='ltr'><strong>vim</strong></span> <span class='ocrx_word' id='word_1_188' title='bbox 1133 1845 1236 1928; x_wconf 82' lang='lat' dir='ltr'><strong>Aquae</strong></span> <span class='ocrx_word' id='word_1_189' title='bbox 1254 1847 1305 1908; x_wconf 86' lang='lat' dir='ltr'><strong>vul</strong></span> 
     </span>
     <span class='ocr_line' id='line_1_22' title="bbox 225 1925 1307 2012; baseline -0.002 -24"><span class='ocrx_word' id='word_1_190' title='bbox 225 1928 248 1988; x_wconf 87' lang='lat' dir='ltr'><strong>&#39;s</strong></span> <span class='ocrx_word' id='word_1_191' title='bbox 267 1947 374 1988; x_wconf 89' lang='lat' dir='ltr'><strong>nomen</strong></span> <span class='ocrx_word' id='word_1_192' title='bbox 392 1929 515 2010; x_wconf 83' lang='lat' dir='ltr'><strong>adiungi.</strong></span> <span class='ocrx_word' id='word_1_193' title='bbox 563 1927 625 1989; x_wconf 91' lang='lat' dir='ltr'><strong>Ianr</strong></span> <span class='ocrx_word' id='word_1_194' title='bbox 643 1928 793 2012; x_wconf 71' lang='lat' dir='ltr'><strong>aliquoties</strong></span> <span class='ocrx_word' id='word_1_195' title='bbox 812 1928 976 2005; x_wconf 89' lang='lat' dir='ltr'><strong>habuimus,</strong></span> <span class='ocrx_word' id='word_1_196' title='bbox 1005 1925 1152 1988; x_wconf 83' lang='lat' dir='ltr'><strong>Christum</strong></span> <span class='ocrx_word' id='word_1_197' title='bbox 1171 1945 1233 1986; x_wconf 88' lang='lat' dir='ltr'><strong>esse</strong></span> <span class='ocrx_word' id='word_1_198' title='bbox 1254 1925 1307 2007; x_wconf 90' lang='lat' dir='ltr'><strong>qui</strong></span> 
     </span>
     <span class='ocr_line' id='line_1_23' title="bbox 172 2004 1306 2106; baseline -0.004 -36"><span class='ocrx_word' id='word_1_199' title='bbox 172 2004 338 2090; x_wconf 74' lang='lat' dir='ltr'><strong>topazus</strong></span> <span class='ocrx_word' id='word_1_200' title='bbox 359 2008 426 2068; x_wconf 88' lang='lat' dir='ltr'><strong>iritu</strong></span> <span class='ocrx_word' id='word_1_201' title='bbox 444 2014 543 2070; x_wconf 85' lang='lat' dir='ltr'><strong>saneto</strong></span> <span class='ocrx_word' id='word_1_202' title='bbox 562 2015 592 2070; x_wconf 87' lang='lat' dir='ltr'><strong>et</strong></span> <span class='ocrx_word' id='word_1_203' title='bbox 614 2011 687 2106; x_wconf 87' lang='lat' dir='ltr'><strong>igni,</strong></span> <span class='ocrx_word' id='word_1_204' title='bbox 716 2009 766 2071; x_wconf 89' lang='lat' dir='ltr'><strong>ubi</strong></span> <span class='ocrx_word' id='word_1_205' title='bbox 789 2008 863 2092; x_wconf 85' lang='lat' dir='ltr'><strong>iguis</strong></span> <span class='ocrx_word' id='word_1_206' title='bbox 887 2009 958 2070; x_wconf 91' lang='lat' dir='ltr'><strong>nihil</strong></span> <span class='ocrx_word' id='word_1_207' title='bbox 981 2027 999 2068; x_wconf 86' lang='lat' dir='ltr'><strong>a</strong></span> <span class='ocrx_word' id='word_1_208' title='bbox 1023 2004 1136 2090; x_wconf 77' lang='lat' dir='ltr'><strong>Spiritu</strong></span> <span class='ocrx_word' id='word_1_209' title='bbox 1159 2005 1306 2068; x_wconf 84' lang='lat' dir='ltr'><strong>diversum</strong></span> 
     </span>
     <span class='ocr_line' id='line_1_24' title="bbox 172 2029 1306 2174; baseline -0.002 -26"><span class='ocrx_word' id='word_1_210' title='bbox 172 2071 270 2164; x_wconf 76' lang='lat' dir='ltr'><strong>sondt,</strong></span> <span class='ocrx_word' id='word_1_211' title='bbox 299 2029 358 2150; x_wconf 70' lang='lat' dir='ltr'><strong>sedj</strong></span> <span class='ocrx_word' id='word_1_212' title='bbox 367 2094 479 2149; x_wconf 85' lang='lat' dir='ltr'><strong>tantum</strong></span> <span class='ocrx_word' id='word_1_213' title='bbox 498 2089 590 2170; x_wconf 83' lang='lat' dir='ltr'><strong>qualis</strong></span> <span class='ocrx_word' id='word_1_214' title='bbox 609 2109 669 2150; x_wconf 86' lang='lat' dir='ltr'><strong>erus</strong></span> <span class='ocrx_word' id='word_1_215' title='bbox 689 2089 719 2150; x_wconf 89' lang='lat' dir='ltr'><strong>in</strong></span> <span class='ocrx_word' id='word_1_216' title='bbox 737 2087 819 2150; x_wconf 89' lang='lat' dir='ltr'><strong>nobis</strong></span> <span class='ocrx_word' id='word_1_217' title='bbox 839 2090 877 2149; x_wconf 85' lang='lat' dir='ltr'><strong>sit</strong></span> <span class='ocrx_word' id='word_1_218' title='bbox 894 2089 1021 2150; x_wconf 83' lang='lat' dir='ltr'><strong>efficacia</strong></span> <span class='ocrx_word' id='word_1_219' title='bbox 1040 2087 1171 2174; x_wconf 81' lang='lat' dir='ltr'><strong>ostendit.</strong></span> <span class='ocrx_word' id='word_1_220' title='bbox 1217 2083 1306 2164; x_wconf 88' lang='lat' dir='ltr'><strong>Quod</strong></span> 
     </span>
     <span class='ocr_line' id='line_1_25' title="bbox 172 2161 1304 2250; baseline -0.003 -22"><span class='ocrx_word' id='word_1_221' title='bbox 172 2173 269 2228; x_wconf 84' lang='lat' dir='ltr'><strong>autern</strong></span> <span class='ocrx_word' id='word_1_222' title='bbox 287 2167 337 2228; x_wconf 89' lang='lat' dir='ltr'><strong>hie</strong></span> <span class='ocrx_word' id='word_1_223' title='bbox 354 2169 505 2250; x_wconf 75' lang='lat' dir='ltr'><strong>praeponit</strong></span> <span class='ocrx_word' id='word_1_224' title='bbox 527 2189 633 2230; x_wconf 91' lang='lat' dir='ltr'><strong>nomen</strong></span> <span class='ocrx_word' id='word_1_225' title='bbox 650 2167 770 2250; x_wconf 83' lang='lat' dir='ltr'><strong>Aquae,</strong></span> <span class='ocrx_word' id='word_1_226' title='bbox 796 2187 856 2229; x_wconf 90' lang='lat' dir='ltr'><strong>non</strong></span> <span class='ocrx_word' id='word_1_227' title='bbox 879 2161 1003 2230; x_wconf 81' lang='lat' dir='ltr'><strong>multum</strong></span> <span class='ocrx_word' id='word_1_228' title='bbox 1024 2166 1064 2226; x_wconf 80' lang='lat' dir='ltr'><strong>&#39;ad</strong></span> <span class='ocrx_word' id='word_1_229' title='bbox 1086 2187 1150 2228; x_wconf 86' lang='lat' dir='ltr'><strong>rem</strong></span> <span class='ocrx_word' id='word_1_230' title='bbox 1173 2167 1304 2227; x_wconf 81' lang='lat' dir='ltr'><strong>interest:</strong></span> 
     </span>
     <span class='ocr_line' id='line_1_26' title="bbox 171 2245 1306 2346; baseline -0.004 -36"><span class='ocrx_word' id='word_1_231' title='bbox 171 2248 232 2310; x_wconf 87' lang='lat' dir='ltr'><strong>imo</strong></span> <span class='ocrx_word' id='word_1_232' title='bbox 250 2247 322 2308; x_wconf 90' lang='lat' dir='ltr'><strong>haee</strong></span> <span class='ocrx_word' id='word_1_233' title='bbox 340 2247 472 2328; x_wconf 81' lang='lat' dir='ltr'><strong>loquudo</strong></span> <span class='ocrx_word' id='word_1_234' title='bbox 490 2249 592 2310; x_wconf 88' lang='lat' dir='ltr'><strong>melius</strong></span> <span class='ocrx_word' id='word_1_235' title='bbox 611 2251 676 2314; x_wconf 88' lang='lat' dir='ltr'><strong>fluit</strong></span> <span class='ocrx_word' id='word_1_236' title='bbox 691 2256 781 2346; x_wconf 81' lang='lat' dir='ltr'><strong>quam</strong></span> <span class='ocrx_word' id='word_1_237' title='bbox 800 2249 898 2324; x_wconf 79' lang='lat' dir='ltr'><strong>altera,</strong></span> <span class='ocrx_word' id='word_1_238' title='bbox 918 2249 986 2329; x_wconf 84' lang='lat' dir='ltr'><strong>quia</strong></span> <span class='ocrx_word' id='word_1_239' title='bbox 995 2247 1101 2308; x_wconf 79' lang='lat' dir='ltr'><strong>scilieet</strong></span> <span class='ocrx_word' id='word_1_240' title='bbox 1109 2245 1306 2328; x_wconf 86' lang='lat' dir='ltr'><strong>metaphoram</strong></span> 
     </span>
     <span class='ocr_line' id='line_1_27' title="bbox 172 2319 1308 2410; baseline -0.004 -20"><span class='ocrx_word' id='word_1_241' title='bbox 172 2319 304 2408; x_wconf 77' lang='lat' dir='ltr'><strong>sequitur</strong></span> <span class='ocrx_word' id='word_1_242' title='bbox 322 2327 400 2388; x_wconf 88' lang='lat' dir='ltr'><strong>nuda</strong></span> <span class='ocrx_word' id='word_1_243' title='bbox 419 2335 450 2388; x_wconf 91' lang='lat' dir='ltr'><strong>et</strong></span> <span class='ocrx_word' id='word_1_244' title='bbox 473 2336 571 2410; x_wconf 82' lang='lat' dir='ltr'><strong>aperta</strong></span> <span class='ocrx_word' id='word_1_245' title='bbox 595 2335 748 2390; x_wconf 83' lang='lat' dir='ltr'><strong>sentenna:</strong></span> <span class='ocrx_word' id='word_1_246' title='bbox 778 2329 837 2390; x_wconf 79' lang='lat' dir='ltr'><strong>sesi</strong></span> <span class='ocrx_word' id='word_1_247' title='bbox 860 2329 965 2390; x_wconf 78' lang='lat' dir='ltr'><strong>diruet</strong></span> <span class='ocrx_word' id='word_1_248' title='bbox 990 2325 1134 2402; x_wconf 82' lang='lat' dir='ltr'><strong>Christus,</strong></span> <span class='ocrx_word' id='word_1_249' title='bbox 1162 2327 1308 2387; x_wconf 88' lang='lat' dir='ltr'><strong>nemiuem</strong></span> 
     </span>
     <span class='ocr_line' id='line_1_28' title="bbox 172 2406 1309 2490; baseline -0.004 -20"><span class='ocrx_word' id='word_1_250' title='bbox 172 2426 236 2470; x_wconf 86' lang='lat' dir='ltr'><strong>esso</strong></span> <span class='ocrx_word' id='word_1_251' title='bbox 244 2406 301 2468; x_wconf 89' lang='lat' dir='ltr'><strong>Dei</strong></span> <span class='ocrx_word' id='word_1_252' title='bbox 320 2406 421 2483; x_wconf 87' lang='lat' dir='ltr'><strong>litium,</strong></span> <span class='ocrx_word' id='word_1_253' title='bbox 441 2407 531 2468; x_wconf 86' lang='lat' dir='ltr'><strong>donee</strong></span> <span class='ocrx_word' id='word_1_254' title='bbox 550 2427 603 2490; x_wconf 87' lang='lat' dir='ltr'><strong>per·</strong></span> <span class='ocrx_word' id='word_1_255' title='bbox 620 2427 725 2490; x_wconf 83' lang='lat' dir='ltr'><strong>aquarn</strong></span> <span class='ocrx_word' id='word_1_256' title='bbox 743 2415 897 2470; x_wconf 82' lang='lat' dir='ltr'><strong>renovatus</strong></span> <span class='ocrx_word' id='word_1_257' title='bbox 910 2408 1005 2482; x_wconf 86' lang='lat' dir='ltr'><strong>fuerit,</strong></span> <span class='ocrx_word' id='word_1_258' title='bbox 1024 2406 1100 2467; x_wconf 88' lang='lat' dir='ltr'><strong>hano</strong></span> <span class='ocrx_word' id='word_1_259' title='bbox 1116 2423 1187 2467; x_wconf 83' lang='lat' dir='ltr'><strong>vero</strong></span> <span class='ocrx_word' id='word_1_260' title='bbox 1200 2413 1309 2486; x_wconf 84' lang='lat' dir='ltr'><strong>aquam</strong></span> 
     </span>
     <span class='ocr_line' id='line_1_29' title="bbox 172 2485 1309 2572; baseline -0.002 -26"><span class='ocrx_word' id='word_1_261' title='bbox 172 2504 235 2546; x_wconf 86' lang='lat' dir='ltr'><strong>esse</strong></span> <span class='ocrx_word' id='word_1_262' title='bbox 254 2486 394 2568; x_wconf 87' lang='lat' dir='ltr'><strong>Spiritum</strong></span> <span class='ocrx_word' id='word_1_263' title='bbox 414 2489 464 2566; x_wconf 90' lang='lat' dir='ltr'><strong>qui</strong></span> <span class='ocrx_word' id='word_1_264' title='bbox 482 2506 535 2551; x_wconf 89' lang='lat' dir='ltr'><strong>nos</strong></span> <span class='ocrx_word' id='word_1_265' title='bbox 554 2495 697 2572; x_wconf 80' lang='lat' dir='ltr'><strong>repurgat,</strong></span> <span class='ocrx_word' id='word_1_266' title='bbox 715 2494 746 2550; x_wconf 89' lang='lat' dir='ltr'><strong>et</strong></span> <span class='ocrx_word' id='word_1_267' title='bbox 765 2489 815 2569; x_wconf 90' lang='lat' dir='ltr'><strong>qui</strong></span> <span class='ocrx_word' id='word_1_268' title='bbox 833 2489 939 2549; x_wconf 86' lang='lat' dir='ltr'><strong>virtute</strong></span> <span class='ocrx_word' id='word_1_269' title='bbox 958 2505 1010 2547; x_wconf 87' lang='lat' dir='ltr'><strong>sua</strong></span> <span class='ocrx_word' id='word_1_270' title='bbox 1028 2487 1059 2546; x_wconf 92' lang='lat' dir='ltr'><strong>in</strong></span> <span class='ocrx_word' id='word_1_271' title='bbox 1078 2505 1133 2548; x_wconf 91' lang='lat' dir='ltr'><strong>nos</strong></span> <span class='ocrx_word' id='word_1_272' title='bbox 1153 2485 1309 2546; x_wconf 66' lang='lat' dir='ltr'><strong>diffusum-</strong></span> 
     </span>
     <span class='ocr_line' id='line_1_30' title="bbox 172 2563 1307 2651; baseline 0.002 -27"><span class='ocrx_word' id='word_1_273' title='bbox 172 2583 271 2648; x_wconf 81' lang='lat' dir='ltr'><strong>gorem</strong></span> <span class='ocrx_word' id='word_1_274' title='bbox 289 2567 408 2646; x_wconf 88' lang='lat' dir='ltr'><strong>inspirat</strong></span> <span class='ocrx_word' id='word_1_275' title='bbox 426 2567 555 2626; x_wconf 88' lang='lat' dir='ltr'><strong>eoelestis</strong></span> <span class='ocrx_word' id='word_1_276' title='bbox 574 2569 664 2644; x_wconf 88' lang='lat' dir='ltr'><strong>vitae,</strong></span> <span class='ocrx_word' id='word_1_277' title='bbox 684 2587 775 2649; x_wconf 89' lang='lat' dir='ltr'><strong>quum</strong></span> <span class='ocrx_word' id='word_1_278' title='bbox 793 2575 896 2633; x_wconf 88' lang='lat' dir='ltr'><strong>natura</strong></span> <span class='ocrx_word' id='word_1_279' title='bbox 914 2585 1031 2651; x_wconf 85' lang='lat' dir='ltr'><strong>prorsus</strong></span> <span class='ocrx_word' id='word_1_280' title='bbox 1051 2567 1122 2627; x_wconf 87' lang='lat' dir='ltr'><strong>aridi</strong></span> <span class='ocrx_word' id='word_1_281' title='bbox 1141 2567 1239 2626; x_wconf 82' lang='lat' dir='ltr'><strong>simus.</strong></span> <span class='ocrx_word' id='word_1_282' title='bbox 1268 2563 1307 2626; x_wconf 86' lang='lat' dir='ltr'><strong>Et</strong></span> 
     </span>
     <span class='ocr_line' id='line_1_31' title="bbox 172 2643 1305 2728; baseline 0 -23"><span class='ocrx_word' id='word_1_283' title='bbox 172 2645 275 2705; x_wconf 88' lang='lat' dir='ltr'><strong>merito</strong></span> <span class='ocrx_word' id='word_1_284' title='bbox 295 2644 426 2704; x_wconf 87' lang='lat' dir='ltr'><strong>Christus</strong></span> <span class='ocrx_word' id='word_1_285' title='bbox 446 2652 481 2705; x_wconf 93' lang='lat' dir='ltr'><strong>ut</strong></span> <span class='ocrx_word' id='word_1_286' title='bbox 498 2644 655 2710; x_wconf 90' lang='lat' dir='ltr'><strong>Nioodemo</strong></span> <span class='ocrx_word' id='word_1_287' title='bbox 674 2667 756 2710; x_wconf 86' lang='lat' dir='ltr'><strong>suern</strong></span> <span class='ocrx_word' id='word_1_288' title='bbox 774 2648 915 2709; x_wconf 78' lang='lat' dir='ltr'><strong>inscitiam</strong></span> <span class='ocrx_word' id='word_1_289' title='bbox 934 2645 1102 2728; x_wconf 81' lang='lat' dir='ltr'><strong>exprobret,</strong></span> <span class='ocrx_word' id='word_1_290' title='bbox 1121 2643 1244 2706; x_wconf 79' lang='lat' dir='ltr'><strong>formum</strong></span> <span class='ocrx_word' id='word_1_291' title='bbox 1262 2645 1305 2705; x_wconf 87' lang='lat' dir='ltr'><strong>lo·</strong></span> 
     </span>
    </p>

    <p class='ocr_par' dir='ltr' id='par_1_13' title="bbox 170 2722 1309 3506">
     <span class='ocr_line' id='line_1_32' title="bbox 214 2722 1306 2807; baseline 0.001 -23"><span class='ocrx_word' id='word_1_292' title='bbox 214 2723 280 2784; x_wconf 88' lang='lat' dir='ltr'><strong>endi</strong></span> <span class='ocrx_word' id='word_1_293' title='bbox 297 2722 462 2806; x_wconf 81' lang='lat' dir='ltr'><strong>Seriptsnae</strong></span> <span class='ocrx_word' id='word_1_294' title='bbox 481 2727 614 2788; x_wconf 79' lang='lat' dir='ltr'><strong>mitatem</strong></span> <span class='ocrx_word' id='word_1_295' title='bbox 633 2729 756 2789; x_wconf 87' lang='lat' dir='ltr'><strong>addueit</strong></span> <span class='ocrx_word' id='word_1_296' title='bbox 796 2726 904 2789; x_wconf 85' lang='lat' dir='ltr'><strong>Debuit</strong></span> <span class='ocrx_word' id='word_1_297' title='bbox 922 2729 999 2788; x_wconf 86' lang='lat' dir='ltr'><strong>eninr</strong></span> <span class='ocrx_word' id='word_1_298' title='bbox 1018 2743 1171 2807; x_wconf 83' lang='lat' dir='ltr'><strong>agnosoere</strong></span> <span class='ocrx_word' id='word_1_299' title='bbox 1188 2725 1306 2786; x_wconf 74' lang='lat' dir='ltr'><strong>undem</strong></span> 
     </span>
     <span class='ocr_line' id='line_1_33' title="bbox 172 2743 1308 2889; baseline 0 -23"><span class='ocrx_word' id='word_1_300' title='bbox 172 2743 358 2878; x_wconf 50' lang='lat' dir='ltr'><strong>§deornm</strong></span> <span class='ocrx_word' id='word_1_301' title='bbox 388 2805 466 2885; x_wconf 88' lang='lat' dir='ltr'><strong>qnod</strong></span> <span class='ocrx_word' id='word_1_302' title='bbox 491 2823 509 2866; x_wconf 87' lang='lat' dir='ltr'><strong>a</strong></span> <span class='ocrx_word' id='word_1_303' title='bbox 529 2805 643 2869; x_wconf 88' lang='lat' dir='ltr'><strong>Christo</strong></span> <span class='ocrx_word' id='word_1_304' title='bbox 663 2809 770 2869; x_wconf 88' lang='lat' dir='ltr'><strong>dietum</strong></span> <span class='ocrx_word' id='word_1_305' title='bbox 794 2814 856 2868; x_wconf 87' lang='lat' dir='ltr'><strong>erat</strong></span> <span class='ocrx_word' id='word_1_306' title='bbox 874 2826 913 2869; x_wconf 84' lang='lat' dir='ltr'><strong>ex</strong></span> <span class='ocrx_word' id='word_1_307' title='bbox 931 2807 1077 2868; x_wconf 81' lang='lat' dir='ltr'><strong>communi</strong></span> <span class='ocrx_word' id='word_1_308' title='bbox 1094 2803 1308 2889; x_wconf 75' lang='lat' dir='ltr'><strong>Prophetarum</strong></span> 
     </span>
     <span class='ocr_line' id='line_1_34' title="bbox 172 2883 1308 2972; baseline 0.002 -29"><span class='ocrx_word' id='word_1_309' title='bbox 172 2883 301 2943; x_wconf 81' lang='lat' dir='ltr'><strong>doctrina</strong></span> <span class='ocrx_word' id='word_1_310' title='bbox 320 2901 382 2944; x_wconf 84' lang='lat' dir='ltr'><strong>esse</strong></span> <span class='ocrx_word' id='word_1_311' title='bbox 401 2893 555 2966; x_wconf 87' lang='lat' dir='ltr'><strong>sumptum.</strong></span> <span class='ocrx_word' id='word_1_312' title='bbox 605 2885 681 2970; x_wconf 85' lang='lat' dir='ltr'><strong>Ergo</strong></span> <span class='ocrx_word' id='word_1_313' title='bbox 701 2912 781 2972; x_wconf 84' lang='lat' dir='ltr'><strong>uquu</strong></span> <span class='ocrx_word' id='word_1_314' title='bbox 799 2886 871 2950; x_wconf 85' lang='lat' dir='ltr'><strong>nihil</strong></span> <span class='ocrx_word' id='word_1_315' title='bbox 896 2887 974 2946; x_wconf 89' lang='lat' dir='ltr'><strong>aliud</strong></span> <span class='ocrx_word' id='word_1_316' title='bbox 997 2893 1040 2946; x_wconf 89' lang='lat' dir='ltr'><strong>est</strong></span> <span class='ocrx_word' id='word_1_317' title='bbox 1068 2904 1157 2966; x_wconf 84' lang='lat' dir='ltr'><strong>quam</strong></span> <span class='ocrx_word' id='word_1_318' title='bbox 1184 2887 1308 2946; x_wconf 88' lang='lat' dir='ltr'><strong>interior</strong></span> 
     </span>
     <span class='ocr_line' id='line_1_35' title="bbox 171 2962 1307 3060; baseline 0 -36"><span class='ocrx_word' id='word_1_319' title='bbox 171 2962 295 3045; x_wconf 84' lang='lat' dir='ltr'><strong>Spiritus</strong></span> <span class='ocrx_word' id='word_1_320' title='bbox 315 2965 405 3024; x_wconf 87' lang='lat' dir='ltr'><strong>saneti</strong></span> <span class='ocrx_word' id='word_1_321' title='bbox 424 2967 555 3060; x_wconf 81' lang='lat' dir='ltr'><strong>purgatio</strong></span> <span class='ocrx_word' id='word_1_322' title='bbox 575 2970 774 3050; x_wconf 78' lang='lat' dir='ltr'><strong>etvegetatio.</strong></span> <span class='ocrx_word' id='word_1_323' title='bbox 813 2967 897 3031; x_wconf 82' lang='lat' dir='ltr'><strong>Adde</strong></span> <span class='ocrx_word' id='word_1_324' title='bbox 922 2965 1002 3049; x_wconf 87' lang='lat' dir='ltr'><strong>quod</strong></span> <span class='ocrx_word' id='word_1_325' title='bbox 1024 2985 1083 3024; x_wconf 91' lang='lat' dir='ltr'><strong>non</strong></span> <span class='ocrx_word' id='word_1_326' title='bbox 1107 2971 1152 3025; x_wconf 84' lang='lat' dir='ltr'><strong>est</strong></span> <span class='ocrx_word' id='word_1_327' title='bbox 1176 2965 1307 3024; x_wconf 84' lang='lat' dir='ltr'><strong>insolens</strong></span> 
     </span>
     <span class='ocr_line' id='line_1_36' title="bbox 172 3041 1305 3130; baseline 0 -26"><span class='ocrx_word' id='word_1_328' title='bbox 172 3041 305 3126; x_wconf 77' lang='lat' dir='ltr'><strong>copulam</strong></span> <span class='ocrx_word' id='word_1_329' title='bbox 324 3050 468 3126; x_wconf 57' lang='lat' dir='ltr'><strong>aremare</strong></span> <span class='ocrx_word' id='word_1_330' title='bbox 487 3047 570 3120; x_wconf 89' lang='lat' dir='ltr'><strong>sumi,</strong></span> <span class='ocrx_word' id='word_1_331' title='bbox 590 3067 681 3128; x_wconf 91' lang='lat' dir='ltr'><strong>quum</strong></span> <span class='ocrx_word' id='word_1_332' title='bbox 699 3048 807 3108; x_wconf 78' lang='lat' dir='ltr'><strong>scilieet</strong></span> <span class='ocrx_word' id='word_1_333' title='bbox 824 3046 964 3130; x_wconf 86' lang='lat' dir='ltr'><strong>posterius</strong></span> <span class='ocrx_word' id='word_1_334' title='bbox 982 3043 1141 3106; x_wconf 89' lang='lat' dir='ltr'><strong>membrum</strong></span> <span class='ocrx_word' id='word_1_335' title='bbox 1149 3043 1305 3124; x_wconf 83' lang='lat' dir='ltr'><strong>explicatio</strong></span> 
     </span>
     <span class='ocr_line' id='line_1_37' title="bbox 172 3123 1309 3208; baseline 0.002 -24"><span class='ocrx_word' id='word_1_336' title='bbox 172 3129 217 3184; x_wconf 85' lang='lat' dir='ltr'><strong>est</strong></span> <span class='ocrx_word' id='word_1_337' title='bbox 236 3124 346 3204; x_wconf 85' lang='lat' dir='ltr'><strong>prioris.</strong></span> <span class='ocrx_word' id='word_1_338' title='bbox 391 3123 436 3186; x_wconf 82' lang='lat' dir='ltr'><strong>Aa</strong></span> <span class='ocrx_word' id='word_1_339' title='bbox 455 3124 525 3186; x_wconf 91' lang='lat' dir='ltr'><strong>milri</strong></span> <span class='ocrx_word' id='word_1_340' title='bbox 543 3129 628 3188; x_wconf 90' lang='lat' dir='ltr'><strong>etiam</strong></span> <span class='ocrx_word' id='word_1_341' title='bbox 647 3135 798 3190; x_wconf 80' lang='lat' dir='ltr'><strong>contextus</strong></span> <span class='ocrx_word' id='word_1_342' title='bbox 822 3128 1004 3208; x_wconf 85' lang='lat' dir='ltr'><strong>suffragatur:</strong></span> <span class='ocrx_word' id='word_1_343' title='bbox 1027 3143 1095 3186; x_wconf 88' lang='lat' dir='ltr'><strong>nam</strong></span> <span class='ocrx_word' id='word_1_344' title='bbox 1119 3143 1209 3205; x_wconf 89' lang='lat' dir='ltr'><strong>quum</strong></span> <span class='ocrx_word' id='word_1_345' title='bbox 1231 3139 1309 3186; x_wconf 79' lang='lat' dir='ltr'><strong>more</strong></span> 
     </span>
     <span class='ocr_line' id='line_1_38' title="bbox 170 3202 1307 3288; baseline 0.004 -26"><span class='ocrx_word' id='word_1_346' title='bbox 170 3203 311 3264; x_wconf 87' lang='lat' dir='ltr'><strong>rationem</strong></span> <span class='ocrx_word' id='word_1_347' title='bbox 320 3202 450 3265; x_wconf 85' lang='lat' dir='ltr'><strong>Christus</strong></span> <span class='ocrx_word' id='word_1_348' title='bbox 469 3205 590 3282; x_wconf 84' lang='lat' dir='ltr'><strong>subiicit,</strong></span> <span class='ocrx_word' id='word_1_349' title='bbox 609 3228 661 3270; x_wconf 83' lang='lat' dir='ltr'><strong>our</strong></span> <span class='ocrx_word' id='word_1_350' title='bbox 678 3229 731 3270; x_wconf 90' lang='lat' dir='ltr'><strong>nos</strong></span> <span class='ocrx_word' id='word_1_351' title='bbox 751 3208 867 3269; x_wconf 81' lang='lat' dir='ltr'><strong>renasci</strong></span> <span class='ocrx_word' id='word_1_352' title='bbox 879 3213 1020 3288; x_wconf 86' lang='lat' dir='ltr'><strong>oporteat,</strong></span> <span class='ocrx_word' id='word_1_353' title='bbox 1038 3205 1192 3288; x_wconf 85' lang='lat' dir='ltr'><strong>praeterita</strong></span> <span class='ocrx_word' id='word_1_354' title='bbox 1210 3221 1307 3284; x_wconf 84' lang='lat' dir='ltr'><strong>aquae</strong></span> 
     </span>
     <span class='ocr_line' id='line_1_39' title="bbox 171 3283 1306 3371; baseline 0 -27"><span class='ocrx_word' id='word_1_355' title='bbox 171 3283 316 3344; x_wconf 85' lang='lat' dir='ltr'><strong>mentione</strong></span> <span class='ocrx_word' id='word_1_356' title='bbox 339 3285 401 3345; x_wconf 90' lang='lat' dir='ltr'><strong>solo</strong></span> <span class='ocrx_word' id='word_1_357' title='bbox 426 3286 527 3366; x_wconf 88' lang='lat' dir='ltr'><strong>spiritu</strong></span> <span class='ocrx_word' id='word_1_358' title='bbox 550 3307 638 3368; x_wconf 86' lang='lat' dir='ltr'><strong>qnam</strong></span> <span class='ocrx_word' id='word_1_359' title='bbox 665 3291 755 3371; x_wconf 78' lang='lat' dir='ltr'><strong>exigit</strong></span> <span class='ocrx_word' id='word_1_360' title='bbox 777 3289 853 3349; x_wconf 81' lang='lat' dir='ltr'><strong>vitae</strong></span> <span class='ocrx_word' id='word_1_361' title='bbox 877 3289 1033 3348; x_wconf 83' lang='lat' dir='ltr'><strong>novitatem</strong></span> <span class='ocrx_word' id='word_1_362' title='bbox 1056 3289 1187 3347; x_wconf 79' lang='lat' dir='ltr'><strong>mustum</strong></span> <span class='ocrx_word' id='word_1_363' title='bbox 1210 3283 1306 3361; x_wconf 81' lang='lat' dir='ltr'><strong>docet,</strong></span> 
     </span>
     <span class='ocr_line' id='line_1_40' title="bbox 171 3361 1047 3506; baseline 0.003 -83"><span class='ocrx_word' id='word_1_364' title='bbox 171 3361 247 3424; x_wconf 89' lang='lat' dir='ltr'><strong>uude</strong></span> <span class='ocrx_word' id='word_1_365' title='bbox 266 3363 396 3446; x_wconf 86' lang='lat' dir='ltr'><strong>sequitrrr</strong></span> <span class='ocrx_word' id='word_1_366' title='bbox 415 3383 519 3447; x_wconf 86' lang='lat' dir='ltr'><strong>aqumn</strong></span> <span class='ocrx_word' id='word_1_367' title='bbox 538 3387 597 3427; x_wconf 89' lang='lat' dir='ltr'><strong>non</strong></span> <span class='ocrx_word' id='word_1_368' title='bbox 615 3387 677 3428; x_wconf 86' lang='lat' dir='ltr'><strong>esse</strong></span> <span class='ocrx_word' id='word_1_369' title='bbox 696 3387 714 3428; x_wconf 92' lang='lat' dir='ltr'><strong>a</strong></span> <span class='ocrx_word' id='word_1_370' title='bbox 733 3369 834 3450; x_wconf 87' lang='lat' dir='ltr'><strong>spiritu</strong></span> <span class='ocrx_word' id='word_1_371' title='bbox 852 3363 1047 3506; x_wconf 70' lang='lat' dir='ltr'><strong>separdndam.</strong></span> 
     </span>
    </p>
   </div>
   <div class='ocr_carea' id='block_1_13' title="bbox 250 3433 1402 3522">
    <p class='ocr_par' dir='ltr' id='par_1_14' title="bbox 250 3433 1402 3522">
     <span class='ocr_line' id='line_1_41' title="bbox 250 3433 1402 3522; baseline -0.003 -15"><span class='ocrx_word' id='word_1_372' title='bbox 250 3445 279 3507; x_wconf 82' lang='lat'><strong>6.</strong></span> <span class='ocrx_word' id='word_1_373' title='bbox 322 3446 410 3520; x_wconf 76' lang='lat' dir='ltr'><strong>Quod</strong></span> <span class='ocrx_word' id='word_1_374' title='bbox 430 3455 533 3508; x_wconf 66' lang='lat' dir='ltr'><strong>omum</strong></span> <span class='ocrx_word' id='word_1_375' title='bbox 557 3456 600 3508; x_wconf 82' lang='lat' dir='ltr'><strong>est</strong></span> <span class='ocrx_word' id='word_1_376' title='bbox 623 3469 661 3508; x_wconf 78' lang='lat' dir='ltr'><strong>ee</strong></span> <span class='ocrx_word' id='word_1_377' title='bbox 684 3472 783 3510; x_wconf 79' lang='lat' dir='ltr'><strong>eume.</strong></span> <span class='ocrx_word' id='word_1_378' title='bbox 831 3446 890 3508; x_wconf 89' lang='lat' dir='ltr'><strong>Pro</strong></span> <span class='ocrx_word' id='word_1_379' title='bbox 910 3455 939 3508; x_wconf 90' lang='lat' dir='ltr'><strong>at</strong></span> <span class='ocrx_word' id='word_1_380' title='bbox 962 3465 980 3508; x_wconf 87' lang='lat' dir='ltr'><strong>a</strong></span> <span class='ocrx_word' id='word_1_381' title='bbox 1003 3445 1151 3522; x_wconf 69' lang='lat' dir='ltr'><strong>eonumds</strong></span> <span class='ocrx_word' id='word_1_382' title='bbox 1173 3445 1304 3506; x_wconf 87' lang='lat' dir='ltr'><strong>elausum</strong></span> <span class='ocrx_word' id='word_1_383' title='bbox 1401 3433 1402 3480; x_wconf 61' lang='grc' dir='ltr'>ἶ</span> 
     </span>
    </p>
   </div>
   <div class='ocr_carea' id='block_1_14' title="bbox 170 3521 1305 3620">
    <p class='ocr_par' dir='ltr' id='par_1_15' title="bbox 170 3521 1305 3620">
     <span class='ocr_line' id='line_1_42' title="bbox 170 3521 1305 3620; baseline 0 -37"><span class='ocrx_word' id='word_1_384' title='bbox 170 3521 254 3584; x_wconf 87' lang='lat' dir='ltr'><strong>nobis</strong></span> <span class='ocrx_word' id='word_1_385' title='bbox 272 3525 405 3586; x_wconf 87' lang='lat' dir='ltr'><strong>omuibus</strong></span> <span class='ocrx_word' id='word_1_386' title='bbox 425 3545 487 3587; x_wconf 86' lang='lat' dir='ltr'><strong>esse</strong></span> <span class='ocrx_word' id='word_1_387' title='bbox 506 3545 626 3608; x_wconf 84' lang='lat' dir='ltr'><strong>regnum</strong></span> <span class='ocrx_word' id='word_1_388' title='bbox 635 3527 701 3605; x_wconf 88' lang='lat' dir='ltr'><strong>Dei,</strong></span> <span class='ocrx_word' id='word_1_389' title='bbox 720 3529 775 3590; x_wconf 91' lang='lat' dir='ltr'><strong>nisi</strong></span> <span class='ocrx_word' id='word_1_390' title='bbox 793 3547 846 3610; x_wconf 88' lang='lat' dir='ltr'><strong>per</strong></span> <span class='ocrx_word' id='word_1_391' title='bbox 864 3527 1085 3610; x_wconf 78' lang='lat' dir='ltr'><strong>palingenesiam</strong></span> <span class='ocrx_word' id='word_1_392' title='bbox 1099 3527 1305 3620; x_wconf 56' lang='lat' dir='ltr'><strong>ingressusne:</strong></span> 
     </span>
    </p>
   </div>
   <div class='ocr_carea' id='block_1_15' title="bbox 170 3601 1402 3700">
    <p class='ocr_par' dir='ltr' id='par_1_16' title="bbox 170 3601 1402 3700">
     <span class='ocr_line' id='line_1_43' title="bbox 170 3601 1402 3700; baseline -0.001 -35"><span class='ocrx_word' id='word_1_393' title='bbox 170 3601 214 3700; x_wconf 68' lang='lat' dir='ltr'><strong>iris</strong></span> <span class='ocrx_word' id='word_1_394' title='bbox 233 3605 364 3686; x_wconf 78' lang='lat' dir='ltr'><strong>patellat&#39;</strong></span> <span class='ocrx_word' id='word_1_395' title='bbox 397 3603 493 3666; x_wconf 90' lang='lat' dir='ltr'><strong>Sumit</strong></span> <span class='ocrx_word' id='word_1_396' title='bbox 511 3609 588 3676; x_wconf 82' lang='lat' dir='ltr'><strong>enim</strong></span> <span class='ocrx_word' id='word_1_397' title='bbox 605 3607 677 3667; x_wconf 92' lang='lat' dir='ltr'><strong>illud</strong></span> <span class='ocrx_word' id='word_1_398' title='bbox 696 3629 750 3688; x_wconf 87' lang='lat' dir='ltr'><strong>pro</strong></span> <span class='ocrx_word' id='word_1_399' title='bbox 767 3608 915 3682; x_wconf 82' lang='lat' dir='ltr'><strong>eoniesso,</strong></span> <span class='ocrx_word' id='word_1_400' title='bbox 938 3627 998 3667; x_wconf 91' lang='lat' dir='ltr'><strong>non</strong></span> <span class='ocrx_word' id='word_1_401' title='bbox 1016 3625 1102 3687; x_wconf 88' lang='lat' dir='ltr'><strong>posse</strong></span> <span class='ocrx_word' id='word_1_402' title='bbox 1121 3624 1175 3666; x_wconf 91' lang='lat' dir='ltr'><strong>nos</strong></span> <span class='ocrx_word' id='word_1_403' title='bbox 1195 3603 1306 3684; x_wconf 75' lang='lat' dir='ltr'><strong>ingredi</strong></span> <span class='ocrx_word' id='word_1_404' title='bbox 1401 3649 1402 3664; x_wconf 35' lang='grc' dir='ltr'><strong>ι</strong></span> 
     </span>
    </p>
   </div>
   <div class='ocr_carea' id='block_1_16' title="bbox 165 3684 1306 3862">
    <p class='ocr_par' dir='ltr' id='par_1_17' title="bbox 165 3684 1306 3862">
     <span class='ocr_line' id='line_1_44' title="bbox 170 3684 1305 3780; baseline -0.002 -34"><span class='ocrx_word' id='word_1_405' title='bbox 170 3703 339 3780; x_wconf 32' lang='grc' dir='ltr'><strong>ιιιοιεςιιωιι</strong></span> <span class='ocrx_word' id='word_1_406' title='bbox 348 3684 414 3760; x_wconf 86' lang='lat' dir='ltr'><strong>Dei,</strong></span> <span class='ocrx_word' id='word_1_407' title='bbox 433 3687 488 3746; x_wconf 87' lang='lat' dir='ltr'><strong>nisi</strong></span> <span class='ocrx_word' id='word_1_408' title='bbox 508 3687 666 3766; x_wconf 67' lang='lat' dir='ltr'><strong>spirituales</strong></span> <span class='ocrx_word' id='word_1_409' title='bbox 685 3689 782 3747; x_wconf 89' lang='lat' dir='ltr'><strong>simus.</strong></span> <span class='ocrx_word' id='word_1_410' title='bbox 803 3687 894 3768; x_wconf 85' lang='lat' dir='ltr'><strong>Atqui</strong></span> <span class='ocrx_word' id='word_1_411' title='bbox 913 3707 951 3746; x_wconf 86' lang='lat' dir='ltr'><strong>ex</strong></span> <span class='ocrx_word' id='word_1_412' title='bbox 970 3693 1052 3748; x_wconf 86' lang='lat' dir='ltr'><strong>utero</strong></span> <span class='ocrx_word' id='word_1_413' title='bbox 1072 3685 1143 3746; x_wconf 88' lang='lat' dir='ltr'><strong>nihil</strong></span> <span class='ocrx_word' id='word_1_414' title='bbox 1158 3685 1305 3745; x_wconf 81' lang='lat' dir='ltr'><strong>afferimus</strong></span> 
     </span>
     <span class='ocr_line' id='line_1_45' title="bbox 165 3763 1306 3862; baseline 0.002 -40"><span class='ocrx_word' id='word_1_415' title='bbox 165 3781 224 3822; x_wconf 83' lang='lat' dir='ltr'><strong>mss</strong></span> <span class='ocrx_word' id='word_1_416' title='bbox 243 3765 385 3824; x_wconf 83' lang='lat' dir='ltr'><strong>carnalem</strong></span> <span class='ocrx_word' id='word_1_417' title='bbox 404 3773 543 3826; x_wconf 87' lang='lat' dir='ltr'><strong>naturam.</strong></span> <span class='ocrx_word' id='word_1_418' title='bbox 570 3763 709 3862; x_wconf 77' lang='lat' dir='ltr'><strong>Sequitur</strong></span> <span class='ocrx_word' id='word_1_419' title='bbox 728 3783 796 3848; x_wconf 80' lang='lat' dir='ltr'><strong>ergo</strong></span> <span class='ocrx_word' id='word_1_420' title='bbox 816 3785 869 3826; x_wconf 92' lang='lat' dir='ltr'><strong>nos</strong></span> <span class='ocrx_word' id='word_1_421' title='bbox 888 3785 988 3826; x_wconf 89' lang='lat' dir='ltr'><strong>omnes</strong></span> <span class='ocrx_word' id='word_1_422' title='bbox 998 3766 1163 3825; x_wconf 86' lang='lat' dir='ltr'><strong>naturaliter</strong></span> <span class='ocrx_word' id='word_1_423' title='bbox 1172 3765 1306 3824; x_wconf 79' lang='lat' dir='ltr'><strong>exsulare</strong></span> 
     </span>
    </p>
   </div>
   <div class='ocr_carea' id='block_1_17' title="bbox 170 3843 1402 3920">
    <p class='ocr_par' dir='ltr' id='par_1_18' title="bbox 170 3843 1402 3920">
     <span class='ocr_line' id='line_1_46' title="bbox 170 3843 1402 3920; baseline 0.003 -20"><span class='ocrx_word' id='word_1_424' title='bbox 170 3859 295 3920; x_wconf 84' lang='lat' dir='ltr'><strong>aregno</strong></span> <span class='ocrx_word' id='word_1_425' title='bbox 313 3843 386 3918; x_wconf 82' lang='lat' dir='ltr'><strong>Dei,</strong></span> <span class='ocrx_word' id='word_1_426' title='bbox 410 3851 440 3903; x_wconf 88' lang='lat' dir='ltr'><strong>et</strong></span> <span class='ocrx_word' id='word_1_427' title='bbox 463 3844 579 3904; x_wconf 88' lang='lat' dir='ltr'><strong>eoelestr</strong></span> <span class='ocrx_word' id='word_1_428' title='bbox 602 3853 661 3906; x_wconf 87' lang='lat' dir='ltr'><strong>vrta</strong></span> <span class='ocrx_word' id='word_1_429' title='bbox 704 3846 810 3908; x_wconf 84' lang='lat' dir='ltr'><strong>rivatus</strong></span> <span class='ocrx_word' id='word_1_430' title='bbox 829 3864 945 3906; x_wconf 84' lang='lat' dir='ltr'><strong>mauors</strong></span> <span class='ocrx_word' id='word_1_431' title='bbox 963 3844 1017 3905; x_wconf 89' lang='lat' dir='ltr'><strong>sub</strong></span> <span class='ocrx_word' id='word_1_432' title='bbox 1037 3845 1137 3904; x_wconf 87' lang='lat' dir='ltr'><strong>mortis</strong></span> <span class='ocrx_word' id='word_1_433' title='bbox 1157 3846 1304 3904; x_wconf 83' lang='lat' dir='ltr'><strong>servitute.</strong></span> <span class='ocrx_word' id='word_1_434' title='bbox 1401 3845 1402 3852; x_wconf 75' lang='grc'>’</span> 
     </span>
    </p>
   </div>
   <div class='ocr_carea' id='block_1_18' title="bbox 168 3918 1305 4246">
    <p class='ocr_par' dir='ltr' id='par_1_19' title="bbox 168 3918 1305 4246">
     <span class='ocr_line' id='line_1_47' title="bbox 170 3918 1305 4008; baseline 0.004 -28"><span class='ocrx_word' id='word_1_435' title='bbox 170 3918 261 3980; x_wconf 84' lang='lat' dir='ltr'><strong>Porro</strong></span> <span class='ocrx_word' id='word_1_436' title='bbox 281 3941 371 4002; x_wconf 91' lang='lat' dir='ltr'><strong>quum</strong></span> <span class='ocrx_word' id='word_1_437' title='bbox 381 3922 512 3984; x_wconf 87' lang='lat' dir='ltr'><strong>Christus</strong></span> <span class='ocrx_word' id='word_1_438' title='bbox 532 3925 579 3984; x_wconf 89' lang='lat' dir='ltr'><strong>hio</strong></span> <span class='ocrx_word' id='word_1_439' title='bbox 596 3927 787 4002; x_wconf 74' lang='lat' dir='ltr'><strong>ratiocinetur,</strong></span> <span class='ocrx_word' id='word_1_440' title='bbox 806 3927 915 3986; x_wconf 87' lang='lat' dir='ltr'><strong>renasei</strong></span> <span class='ocrx_word' id='word_1_441' title='bbox 933 3931 1067 4008; x_wconf 85' lang='lat' dir='ltr'><strong>oportere</strong></span> <span class='ocrx_word' id='word_1_442' title='bbox 1086 3923 1216 3985; x_wconf 85' lang='lat' dir='ltr'><strong>homiues</strong></span> <span class='ocrx_word' id='word_1_443' title='bbox 1237 3923 1305 4004; x_wconf 83' lang='lat' dir='ltr'><strong>quia</strong></span> 
     </span>
     <span class='ocr_line' id='line_1_48' title="bbox 169 4004 1305 4086; baseline 0.006 -27"><span class='ocrx_word' id='word_1_444' title='bbox 169 4006 281 4061; x_wconf 86' lang='lat' dir='ltr'><strong>tanturn</strong></span> <span class='ocrx_word' id='word_1_445' title='bbox 300 4021 367 4062; x_wconf 88' lang='lat' dir='ltr'><strong>earo</strong></span> <span class='ocrx_word' id='word_1_446' title='bbox 386 4009 469 4078; x_wconf 88' lang='lat' dir='ltr'><strong>sunt,</strong></span> <span class='ocrx_word' id='word_1_447' title='bbox 493 4010 587 4064; x_wconf 89' lang='lat' dir='ltr'><strong>totum</strong></span> <span class='ocrx_word' id='word_1_448' title='bbox 605 4005 707 4086; x_wconf 86' lang='lat' dir='ltr'><strong>prooul</strong></span> <span class='ocrx_word' id='word_1_449' title='bbox 726 4005 812 4066; x_wconf 90' lang='lat' dir='ltr'><strong>dubio</strong></span> <span class='ocrx_word' id='word_1_450' title='bbox 831 4006 977 4066; x_wconf 87' lang='lat' dir='ltr'><strong>homiuem</strong></span> <span class='ocrx_word' id='word_1_451' title='bbox 996 4004 1050 4064; x_wconf 90' lang='lat' dir='ltr'><strong>sub</strong></span> <span class='ocrx_word' id='word_1_452' title='bbox 1070 4023 1154 4064; x_wconf 82' lang='lat' dir='ltr'><strong>rame</strong></span> <span class='ocrx_word' id='word_1_453' title='bbox 1174 4023 1305 4085; x_wconf 85' lang='lat' dir='ltr'><strong>eompre-</strong></span> 
     </span>
     <span class='ocr_line' id='line_1_49' title="bbox 168 4079 1304 4226; baseline 0.002 -87"><span class='ocrx_word' id='word_1_454' title='bbox 168 4079 274 4140; x_wconf 88' lang='lat' dir='ltr'><strong>hendit.</strong></span> <span class='ocrx_word' id='word_1_455' title='bbox 315 4081 391 4143; x_wconf 81' lang='lat' dir='ltr'><strong>Caro</strong></span> <span class='ocrx_word' id='word_1_456' title='bbox 409 4083 507 4164; x_wconf 84' lang='lat' dir='ltr'><strong>itaque</strong></span> <span class='ocrx_word' id='word_1_457' title='bbox 526 4105 585 4144; x_wconf 91' lang='lat' dir='ltr'><strong>non</strong></span> <span class='ocrx_word' id='word_1_458' title='bbox 604 4103 708 4167; x_wconf 82' lang='lat' dir='ltr'><strong>eorpus</strong></span> <span class='ocrx_word' id='word_1_459' title='bbox 727 4085 784 4147; x_wconf 87' lang='lat' dir='ltr'><strong>hoe</strong></span> <span class='ocrx_word' id='word_1_460' title='bbox 802 4086 867 4147; x_wconf 89' lang='lat' dir='ltr'><strong>looo</strong></span> <span class='ocrx_word' id='word_1_461' title='bbox 888 4084 1036 4226; x_wconf 39' lang='lat' dir='ltr'><strong>ffnffiffl*</strong></span> <span class='ocrx_word' id='word_1_462' title='bbox 1056 4084 1107 4145; x_wconf 90' lang='lat' dir='ltr'><strong>sed</strong></span> <span class='ocrx_word' id='word_1_463' title='bbox 1126 4084 1251 4146; x_wconf 81' lang='lat' dir='ltr'><strong>unimam</strong></span> <span class='ocrx_word' id='word_1_464' title='bbox 1267 4083 1304 4142; x_wconf 89' lang='lat' dir='ltr'><strong>si·</strong></span> 
     </span>
     <span class='ocr_line' id='line_1_50' title="bbox 168 4161 950 4246; baseline 0.009 -26"><span class='ocrx_word' id='word_1_465' title='bbox 168 4161 230 4221; x_wconf 89' lang='lat' dir='ltr'><strong>mul</strong></span> <span class='ocrx_word' id='word_1_466' title='bbox 249 4161 377 4244; x_wconf 88' lang='lat' dir='ltr'><strong>adeoque</strong></span> <span class='ocrx_word' id='word_1_467' title='bbox 395 4163 519 4245; x_wconf 83' lang='lat' dir='ltr'><strong>singulas</strong></span> <span class='ocrx_word' id='word_1_468' title='bbox 538 4163 599 4224; x_wconf 89' lang='lat' dir='ltr'><strong>eius</strong></span> <span class='ocrx_word' id='word_1_469' title='bbox 618 4172 722 4246; x_wconf 83' lang='lat' dir='ltr'><strong>partes.</strong></span> <span class='ocrx_word' id='word_1_470' title='bbox 734 4181 737 4186; x_wconf 85' lang='grc'><strong>’</strong></span> <span class='ocrx_word' id='word_1_471' title='bbox 751 4164 826 4226; x_wconf 87' lang='lat' dir='ltr'><strong>Nam</strong></span> <span class='ocrx_word' id='word_1_472' title='bbox 843 4167 888 4226; x_wconf 91' lang='lat' dir='ltr'><strong>ins</strong></span> <span class='ocrx_word' id='word_1_473' title='bbox 919 4185 950 4227; x_wconf 89' lang='lat' dir='ltr'><strong>se</strong></span> 
     </span>
    </p>
   </div>
   <div class='ocr_carea' id='block_1_19' title="bbox 964 4163 1402 4262">
    <p class='ocr_par' dir='ltr' id='par_1_20' title="bbox 964 4163 1402 4262">
     <span class='ocr_line' id='line_1_51' title="bbox 964 4163 1402 4262; baseline -0.005 -36"><span class='ocrx_word' id='word_1_474' title='bbox 964 4163 1099 4262; x_wconf 88' lang='lat' dir='ltr'><strong>Papistae</strong></span> <span class='ocrx_word' id='word_1_475' title='bbox 1116 4164 1306 4246; x_wconf 77' lang='lat' dir='ltr'><strong>theologastni</strong></span> <span class='ocrx_word' id='word_1_476' title='bbox 1401 4187 1402 4224; x_wconf 50' lang='grc' dir='ltr'><strong>ι</strong></span> 
     </span>
    </p>
   </div>
   <div class='ocr_carea' id='block_1_20' title="bbox 167 4241 1402 4382">
    <p class='ocr_par' dir='ltr' id='par_1_21' title="bbox 167 4241 1402 4382">
     <span class='ocr_line' id='line_1_52' title="bbox 167 4241 1402 4382; baseline 0.001 -81"><span class='ocrx_word' id='word_1_477' title='bbox 167 4241 204 4301; x_wconf 92' lang='lat' dir='ltr'><strong>ud</strong></span> <span class='ocrx_word' id='word_1_478' title='bbox 222 4247 335 4323; x_wconf 81' lang='lat' dir='ltr'><strong>partem</strong></span> <span class='ocrx_word' id='word_1_479' title='bbox 355 4261 443 4382; x_wconf 70' lang='lat' dir='ltr'><strong>qpam</strong></span> <span class='ocrx_word' id='word_1_480' title='bbox 460 4251 565 4306; x_wconf 78' lang='lat' dir='ltr'><strong>vocant</strong></span> <span class='ocrx_word' id='word_1_481' title='bbox 584 4246 744 4308; x_wconf 87' lang='lat' dir='ltr'><strong>sensualem</strong></span> <span class='ocrx_word' id='word_1_482' title='bbox 762 4247 949 4329; x_wconf 77' lang='lat' dir='ltr'><strong>restringunt,</strong></span> <span class='ocrx_word' id='word_1_483' title='bbox 973 4263 1042 4328; x_wconf 85' lang='lat' dir='ltr'><strong>qma</strong></span> <span class='ocrx_word' id='word_1_484' title='bbox 1060 4244 1119 4306; x_wconf 89' lang='lat' dir='ltr'><strong>lroo</strong></span> <span class='ocrx_word' id='word_1_485' title='bbox 1137 4245 1226 4306; x_wconf 90' lang='lat' dir='ltr'><strong>modo</strong></span> <span class='ocrx_word' id='word_1_486' title='bbox 1245 4245 1306 4304; x_wconf 86' lang='lat' dir='ltr'><strong>ine·</strong></span> <span class='ocrx_word' id='word_1_487' title='bbox 1401 4259 1402 4296; x_wconf 61' lang='lat' dir='ltr'><strong>t</strong></span> 
     </span>
    </p>
   </div>
   <div class='ocr_carea' id='block_1_21' title="bbox 167 4327 345 4399">
    <p class='ocr_par' dir='ltr' id='par_1_22' title="bbox 167 4327 345 4399">
     <span class='ocr_line' id='line_1_53' title="bbox 167 4327 345 4399; baseline 0.034 -21"><span class='ocrx_word' id='word_1_488' title='bbox 167 4327 249 4399; x_wconf 81' lang='lat' dir='ltr'><strong>pttun</strong></span> <span class='ocrx_word' id='word_1_489' title='bbox 269 4331 345 4384; x_wconf 87' lang='lat' dir='ltr'><strong>esset</strong></span> 
     </span>
    </p>
   </div>
   <div class='ocr_carea' id='block_1_22' title="bbox 166 4403 1306 4489">
    <p class='ocr_par' dir='ltr' id='par_1_23' title="bbox 166 4403 1306 4489">
     <span class='ocr_line' id='line_1_54' title="bbox 166 4403 1306 4489; baseline 0.002 -29"><span class='ocrx_word' id='word_1_490' title='bbox 166 4417 232 4480; x_wconf 77' lang='lat' dir='ltr'><strong>paru</strong></span> <span class='ocrx_word' id='word_1_491' title='bbox 256 4405 346 4465; x_wconf 75' lang='lat' dir='ltr'><strong>nosni</strong></span> <span class='ocrx_word' id='word_1_492' title='bbox 370 4403 473 4464; x_wconf 81' lang='lat' dir='ltr'><strong>vitiosa</strong></span> <span class='ocrx_word' id='word_1_493' title='bbox 501 4403 545 4464; x_wconf 86' lang='lat' dir='ltr'><strong>sit.</strong></span> <span class='ocrx_word' id='word_1_494' title='bbox 595 4403 709 4486; x_wconf 84' lang='lat' dir='ltr'><strong>Quodsi</strong></span> <span class='ocrx_word' id='word_1_495' title='bbox 738 4423 806 4471; x_wconf 81' lang='lat' dir='ltr'><strong>earo</strong></span> <span class='ocrx_word' id='word_1_496' title='bbox 834 4405 946 4489; x_wconf 82' lang='lat' dir='ltr'><strong>spiritui</strong></span> <span class='ocrx_word' id='word_1_497' title='bbox 977 4407 1136 4488; x_wconf 87' lang='lat' dir='ltr'><strong>opponitur</strong></span> <span class='ocrx_word' id='word_1_498' title='bbox 1164 4411 1306 4486; x_wconf 85' lang='lat' dir='ltr'><strong>tanquam</strong></span> 
     </span>
    </p>
   </div>
   <div class='ocr_carea' id='block_1_23' title="bbox 390 4322 1402 4407">
    <p class='ocr_par' dir='ltr' id='par_1_24' title="bbox 390 4322 1402 4407">
     <span class='ocr_line' id='line_1_55' title="bbox 390 4322 1402 4407; baseline -0.002 -23"><span class='ocrx_word' id='word_1_499' title='bbox 390 4322 470 4384; x_wconf 84' lang='lat' dir='ltr'><strong>luisti</strong></span> <span class='ocrx_word' id='word_1_500' title='bbox 488 4332 700 4406; x_wconf 82' lang='lat' dir='ltr'><strong>argumentum,</strong></span> <span class='ocrx_word' id='word_1_501' title='bbox 725 4325 848 4388; x_wconf 77' lang='lat' dir='ltr'><strong>secunda</strong></span> <span class='ocrx_word' id='word_1_502' title='bbox 866 4327 1015 4386; x_wconf 74' lang='lat' dir='ltr'><strong>nativitate</strong></span> <span class='ocrx_word' id='word_1_503' title='bbox 1034 4345 1108 4407; x_wconf 89' lang='lat' dir='ltr'><strong>opus</strong></span> <span class='ocrx_word' id='word_1_504' title='bbox 1128 4343 1206 4400; x_wconf 87' lang='lat' dir='ltr'><strong>esso,</strong></span> <span class='ocrx_word' id='word_1_505' title='bbox 1236 4325 1306 4404; x_wconf 82' lang='lat' dir='ltr'><strong>quia</strong></span> <span class='ocrx_word' id='word_1_506' title='bbox 1401 4347 1402 4362; x_wconf 51' lang='grc' dir='ltr'><strong>ι</strong></span> 
     </span>
    </p>
   </div>
   <div class='ocr_carea' id='block_1_24' title="bbox 0 0 1410 4850">
    <p class='ocr_par' dir='ltr' id='par_1_25' title="bbox 0 0 1410 4850">
     <span class='ocr_line' id='line_1_56' title="bbox 0 0 1410 4850; baseline 0 0"><span class='ocrx_word' id='word_1_507' title='bbox 0 0 1410 4850; x_wconf 95' lang='lat' dir='ltr'><strong> </strong></span> 
     </span>
    </p>
   </div>
  </div>
 </body>
</html>
