2804 4850
86 281 91 299 .
182 226 241 290 272
295 253 299 267 f
569 217 609 281 nt
627 215 769 284 EVANG.
788 215 918 284 ΙΟΑΝΝ.

70 341 73 346 “
183 343 276 406 remur
294 335 430 398 bacteuru
451 335 534 396 nimis
557 333 630 396 tardi
654 333 778 410 luerem,
806 331 920 416 oblique
940 349 1039 396 eorum
1063 335 1210 418 ignaviam
1234 356 1302 419 per.

77 3811 86 3886 ,ἱ
214 3819 314 3876 uerunt
334 3818 393 3876 eius
412 3836 525 3898 organo.
568 3816 629 3876 imo
647 3815 702 3876 hoc
721 3815 802 3876 modo
821 3817 965 3911 apparuit,
989 3817 1122 3897 ipsuma

177 415 301 498 silingit.
349 413 382 478 Si
403 433 481 490 mea,
508 413 613 494 inquil,
640 411 788 474 affirmatio
812 431 877 490 non,
893 411 960 472 iacit
981 405 1067 474 iidem
1085 421 1116 474 et
1135 422 1197 476 tam
1216 417 1305 498 port

184 497 315 556 eehtimoc
339 509 356 552 a
379 491 475 566 vobis,
503 497 537 552 ut
559 497 618 553 nori
640 493 743 574 putetis
766 490 858 552 verbis
881 491 952 551 mels
981 491 1166 566 eredendum,
1197 495 1304 556 saltem

72 573 75 578 '
205 573 330 654 suspicite
352 571 437 632 istum
459 573 607 644 vinalem,
635 590 709 652 quae
726 569 784 632 Dei
807 571 977 652 praesentiae
994 569 1110 632 visibilis
1128 581 1174 634 est
1191 575 1301 654 imgo.

183 595 238 735 hst
254 651 367 738 quidem
385 648 455 710 illud
472 651 554 712 valde
573 651 741 728 absurdum,
752 669 811 711 non
829 649 950 734 pendere
969 669 1084 729 prorsus
1101 672 1140 714 cx
1153 671 1205 714 ore
1215 652 1303 714 Chri-
1390 679 1391 706 1

184 734 235 804 ali,
254 750 343 812 quum
362 729 492 810 amplecti
511 729 569 789 sine
588 729 645 790 ulla
664 727 847 790 haesitatione
865 749 882 788 o
904 733 996 788 orteat
1015 729 1149 810 quiequid
1171 731 1218 790 vel
1238 751 1303 791 nno

184 809 272 871 verbo
289 809 431 870 indicavit
480 807 538 868 Sed
556 807 603 869 hic
622 806 751 868 Christus
775 807 861 888 discip
893 826 925 866 os
944 805 1090 888 obiurgat,
1119 809 1196 890 quod
1214 812 1302 870 toties

185 889 283 955 eadem
294 887 338 948 de
355 907 387 948 re
406 886 542 950 admoniti
559 893 620 950 um
637 906 737 968 parum
754 886 932 968 profecerint.
971 883 1038 948 Nun
1058 887 1142 949 docet
1159 907 1313 968 quaenam·

185 971 222 1028 eit
239 967 306 1028 fidei
323 973 438 1044 nalum,
467 966 517 1028 sed
534 985 570 1039 ,se
593 965 695 1028 habore
713 971 833 1028 testatur
851 965 929 1046 quud
947 965 1034 1026 elium
1052 965 1091 1026 ad
1109 969 1305 1047 coarguendos
1391 1033 1392 1044 χ

185 1045 345 1110 incredulos
362 1045 492 1110 sufficiat
532 1043 620 1124 Quod
638 1047 741 1106 mrum
759 1045 893 1122 inculcat,
920 1065 976 1128 ego
995 1053 1029 1107 io
1046 1049 1144 1106 Putre
1163 1055 1191 1106 et
1211 1049 1306 1108 Pater·
1391 1045 1392 1048 ’

186 1137 218 1190 io
230 1150 290 1202 mc,
308 1146 369 1186 non
386 1131 429 1186 cst
446 1143 661 1206 supervacuum.
700 1122 772 1186 Nam
791 1126 854 1206 plus
872 1125 940 1184 satis
957 1125 1131 1204 experimur,
1150 1130 1184 1184 ul
1202 1143 1256 1184 nos
1269 1125 1308 1184 ad

186 1225 289 1271 vanarn
313 1203 501 1264 curiositatem
523 1212 623 1266 natura
646 1211 743 1264 nostra
767 1203 903 1264 sollicitet.
950 1201 1026 1267 Nam
1049 1209 1133 1263 extra
1158 1201 1307 1264 Christum

110 1357 112 1362 ¹
187 1284 291 1424 eprielssi
307 1283 514 1422 {miimdii‘ida
532 1283 648 1422 aepobis
661 1281 786 1420 ¹‹leorrlieta
805 1281 975 1422 hhbebmhh
1009 1279 1186 1422 tlnChristc
1206 1289 1308 1344 eutem

187 1365 236 1432 mh
266 1382 314 1516 iii.
338 1381 567 1515 naliioessvinrihieu
585 1381 755 1502 dichoeehisa.
771 1381 944 1520 lnQuieipiid
962 1381 1095 1502 hhhteuus
1114 1439 1149 1500 de
1168 1459 1200 1502 se
1240 1457 1305 1500 rae-

189 1521 297 1584 dicarit
321 1521 387 1580 disci
409 1519 476 1596 ulis,
505 1519 598 1600 quoad
615 1521 748 1601 ¹ipsorum
772 1525 917 1602 aspectum
935 1526 994 1600 crat
1012 1521 1173 1599 temporale.
1217 1461 1305 1600 hrgo

188 1603 242 1674 uisi
265 1599 359 1662 addito
382 1542 438 1660 iios
460 1598 587 1660 membro
615 1599 768 1660 consolatio
797 1599 881 1679 plena
908 1619 967 1658 non
996 1597 1105 1658 suissete
1134 1601 1307 1679 praesertim
1393 1648 1394 1672 ,

209 1701 278 1740 uunr
296 1681 327 1740 in
344 1679 505 1760 reputandis
523 1675 580 1738 Dei
598 1677 738 1759 beneficiis
756 1684 817 1738 tam
835 1675 953 1737 evanida
975 1677 1012 1737 sit
1034 1683 1131 1738 nostra
1148 1677 1306 1750 memoria.

188 1703 256 1839 hue
274 1759 305 1820 iu
323 1777 355 1818 re
373 1779 432 1822 nou
451 1778 523 1840 opus
542 1763 586 1817 est
603 1757 700 1818 alienis
712 1755 864 1838 «exemplis.
901 1753 974 1816 Nem
992 1755 1042 1816 uhi
1059 1776 1112 1816 uos
1130 1753 1211 1816 Deus
1226 1755 1308 1816 omni

188 1837 330 1900 bonorum
348 1857 449 1920 genere
467 1837 664 1910 cumulaverit,
686 1836 711 1896 si
770 1836 855 1896 'esest
873 1833 1017 1897 dimidium
1036 1855 1176 1910 mensem,
1195 1833 1307 1917 putabi-

190 1939 255 2060 ἓξ
274 1917 555 2058 rppndampffiwpnum
573 1915 677 1976 vivere.
713 1987 714 1992 η
754 1931 790 2056 aet
809 1910 1157 2054 ralionelChristupbppp
1196 1915 1339 2068 mspepi'

308 2015 409 2055 oor
551 2014 631 2056 suam
715 2014 751 2056 eu
792 2015 830 2054 un
876 2014 964 2054 ocurs
992 2013 1058 2054 cem
1149 2014 1277 2054 ⁴oso
1394 2034 1395 2040 κ

191 2081 406 2150 commemorat,
435 2073 485 2134 sed
509 2015 759 2159 perpetuimqhius
784 2013 897 2136 senium
916 2075 946 2134 iu
963 2069 1090 2134 inlusum
1108 2015 1219 2154 templis
1238 2093 1309 2153 pro·
1394 2061 1395 2078 ¹

191 2155 284 2234 mittit
323 2151 361 2213 Et
379 2159 454 2214 certe
472 2173 530 2214 nou
548 2153 640 2216 sulum
660 2153 795 2234 quamdiu
812 2154 843 2212 in
860 2154 943 2212 terris
966 2159 1092 2212 versatus
1117 2160 1172 2226 est,
1201 2157 1310 2212 testata

191 2235 247 2312 furit
264 2235 327 2305 eius
345 2231 487 2308 hrinites,
506 2231 555 2292 sed
574 2241 637 2314 post
661 2253 726 2295 uam
745 2231 780 2292 ad
799 2231 912 2293 Patrem
932 2231 1062 2307 discessit,
1079 2226 1222 2290 lumrlenta
1240 2231 1309 2290 eius

192 2315 361 2376 documenta
379 2315 489 2394 experti
507 2317 572 2372 sunt
590 2255 695 2376 breim
716 2361 718 2368 .
739 2309 797 2372 Sed
820 2331 873 2371 nos
892 2309 939 2372 vel
958 2315 1052 2391 stupor
1069 2315 1164 2370 nosler
1183 2307 1309 2392 impedit

192 2393 240 2456 vel
268 2391 334 2456 mali
352 2392 438 2466 ntes,
469 2390 547 2486 quod
575 2411 667 2472 nequo
689 2389 785 2452 Deum
808 2392 837 2450 in
861 2390 918 2450 suis
938 2387 1066 2470 operibus
1084 2389 1310 2462 cousideremns,

193 2492 285 2552 neque
309 2413 452 2530 Christian
475 2491 505 2530 m
530 2471 659 2551 operibus
682 2469 746 2552 Dei.
793 2469 899 2530 Multos
926 2475 1022 2530 tamen
1050 2468 1198 2528 conturbat
1228 2465 1314 2548 qnod

146 2593 149 2605 .
193 2547 348 2634 Apostolos
369 2549 436 2608 dicit
452 2557 568 2608 maiora
586 2573 674 2632 quem
692 2561 753 2631 ipse
786 2557 871 2610 ecerit
890 2570 980 2628 opere
1013 2557 1139 2608 ociosos.
1176 2545 1310 2627 Respon-

194 2633 287 2692 siones
316 2627 399 2702 alias,
429 2647 502 2707 quae
530 2627 587 2688 huc
611 2629 704 2690 alieni
728 2635 846 2704 secel„
862 2629 961 2688 omitto
1005 2647 1037 2688 ae
1063 2647 1120 2688 una
1148 2633 1309 2686 contentus.

194 2708 337 2787 Principio
356 2707 507 2768 tenendum
526 2713 570 2768 est
593 2709 660 2788 quid
684 2707 752 2767 velit
777 2707 919 2768 Christusz
942 2705 1012 2768 adeo
1036 2705 1142 2786 scilieet
1165 2725 1223 2766 non
1246 2705 1310 2764 alli·

195 2793 290 2928 pplpm
308 2803 369 2846 esse
388 2787 515 2866 eorporis
534 2786 578 2844 sui
597 2787 770 2866 praesentiae
794 2787 926 2846 uirtutem
948 2783 1040 2880 illum,
1069 2805 1127 2866 qua
1150 2803 1181 2846 se
1197 2783 1310 2880 mm?

195 2863 717 3024 rttttrt‘ti‘hlttlttltt
736 2864 1310 3025 diffiiihiiiibiiqiffliff

154 3081 156 3088 .
195 3023 329 3086 mirabilis
348 3019 445 3082 mundi
464 3025 619 3096 conversio,
638 3025 667 3084 in
687 3043 743 3106 qua
762 3025 901 3104 potentius
921 3041 951 3082 se
971 3023 1094 3084 exseruit
1112 3021 1217 3082 Christi
1236 3019 1308 3080 divi·

196 3106 283 3176 uitas,
303 3121 388 3182 quam
407 3123 495 3182 quum
513 3104 586 3162 inter
603 3103 730 3170 homiues
750 3109 849 3184 egeret.
887 3099 931 3161 Ila
949 3101 1076 3162 videmus
1095 3122 1154 3162 non
1172 3101 1255 3160 fuisse
1274 3101 1307 3158 in

197 3181 304 3244 Christi
322 3199 442 3262 persona
461 3181 598 3244 inclusam
622 3181 772 3244 divinitalis
801 3181 858 3244 eius
883 3179 1127 3262 approbationem,
1156 3180 1206 3240 sed
1224 3179 1309 3239 diliu-

197 3282 259 3324 sam
277 3279 329 3342 per
346 3267 438 3321 totum
455 3259 596 3322 Ecclesiae
614 3282 725 3344 eorpus.
764 3259 910 3322 Caeterum
929 3260 983 3320 hoe
992 3263 1113 3343 secere,
1133 3260 1168 3320 de
1187 3279 1247 3340 que
1266 3259 1310 3318 lo-

198 3341 304 3426 quitur,
321 3360 414 3421 neque
432 3341 500 3400 solis
518 3339 666 3437 Apostolis
681 3341 824 3422 preprium
842 3345 894 3414 est,
912 3359 1006 3420 neque
1025 3341 1139 3420 singulis
1158 3341 1212 3420 piis
1232 3357 1310 3398 eom-

131 3523 136 3530 .
197 3441 297 3563 ‚tt
317 3417 428 3574 riri?
442 3419 956 3586 ,tatararii
977 3419 1312 3593 ,ambita

199 3581 332 3662 quoniam
351 3579 425 3638 adila
442 3578 522 3659 regui
541 3581 585 3639 sui
603 3580 773 3662 possessione
791 3597 871 3641 suam
889 3585 1044 3659 petenham
1062 3575 1172 3658 plenius
1191 3595 1208 3635 c
1226 3575 1311 3636 coelo

200 3663 438 3743 demonstrahrrus
456 3661 500 3720 sit
540 3655 621 3720 Unde
636 3665 752 3753 apparet
769 3657 840 3718 nihil
858 3658 894 3721 de
912 3659 972 3718 cius
991 3655 1080 3738 deria
1098 3657 1201 3730 minui,
1229 3653 1312 3735 quud

199 3745 265 3878 post
284 3737 343 3798 eius
362 3737 515 3798 discessum
538 3735 720 3800 excellentius
742 3738 848 3817 operati
872 3738 928 3798 sint
950 3735 1095 3820 Apostoli,
1124 3753 1181 3872 pu:¹
1198 3741 1313 3872 mptum

1182 3832 1310 3874 exeram

70 3963 75 3970 ¹
199 3891 292 3954 Patris
316 3895 425 3968 sedere,
454 3899 487 3954 ut
510 3915 593 3956 omne
612 3916 690 3976 ,genu
709 3913 800 3956 coram
819 3915 881 3976 rpso
900 3897 1038 3957 flectetur.
1085 3891 1124 3954 Et
1142 3893 1204 3975 ipse
1223 3893 1312 3974 paulo

201 3981 266 4052 post
285 3971 511 4050 elare'affirmat,
530 3993 562 4046 sc
581 3976 707 4036 omnium
722 3991 795 4054 quac
811 3994 864 4057 per
883 3993 983 4036 manus
1001 3973 1208 4055 Apostolorum
1226 3971 1312 4036 eden·

201 4059 249 4112 tur
266 4051 327 4114 fore
346 4058 497 4114 auctorem.
1284 4101 1288 4110 .

232 4118 247 4216 ἰ
280 4133 325 4190 13.
357 4133 400 4208 βε
418 4135 496 4214 qood
511 4134 790 4214 petierillssoeiem,
808 4123 907 4214 ihquit.
946 4131 1006 4193 Sed
1025 4131 1185 4212 quaeritur,
1205 4129 1312 4198 Annon

200 4205 340 4268 hlcdiator
362 4209 418 4266 iam
441 4216 511 4270 tunc
533 4219 605 4286 erat,
634 4215 708 4272 cuius
732 4213 844 4272 nomine
862 4213 1003 4294 rogandus
1020 4217 1096 4272 esset
1114 4209 1218 4278 Pater?
1255 4205 1313 4268 Re-

196 4285 521 4426 ,pseudeffihipdietoris
540 4291 634 4352 officio
653 4291 750 4354 clarius
770 4289 931 4374 defunctum
951 4311 1037 4376 esse„
1050 4309 1088 4350 ex
1111 4309 1169 4369 que
1190 4287 1314 4350 coeleste

196 4426 201 4437 ,
224 4364 400 4452 ¹ancirianam
417 4377 556 4456 ingressus
575 4375 630 4430 est:
655 4372 685 4430 ul
703 4387 815 4430 sursunt
834 4389 885 4450 suo
901 4366 969 4432 ¹loeo
981 4365 1139 4432 ‘lieentum
1163 4364 1229 4440 crit,
1245 4425 1249 4438 ,
1263 4369 1312 4441 ¹Ut
