2716 4856
411 181 419 196 ’
467 229 597 296 carm
614 231 709 295 nvn.
780 221 783 236 ⁸
1093 243 1153 306 aas

28 351 64 410 stt
87 365 193 422 maros,
215 337 240 407 si
264 344 392 421 laborem
416 362 504 408 suum
525 347 623 410 vident
641 343 700 410 no'n
718 347 926 412 mhndnosum
967 363 1063 412 rossus
1082 367 1155 430 esse,

29 437 60 489 nt
84 428 134 488 hae
155 426 284 507 mesecdo
308 427 423 506 quasvis
442 430 678 509 persequutiones
698 437 891 510 compensent.
974 437 1083 492 etenim
1103 433 1153 493 do·

28 517 72 568 uel
94 508 138 566 hic
159 507 256 582 loeus,
284 507 380 568 aelam
403 527 462 587 quo
486 508 617 569 seruntur
641 515 670 568 et
693 509 795 570 arderd
817 509 955 572 inereduli
973 509 1045 570 nihil
1065 531 1152 592 quam

28 587 163 646 rabiosum
182 606 245 647 esse
265 585 418 667 impetum,
443 589 509 667 quia
528 607 587 648 uon
608 589 714 668 regitur
732 587 855 670 Spiritus
874 589 1039 670 prudentia,
1058 611 1152 670 neque

27 669 107 726 etiam
133 665 300 744 rectitudine
330 665 377 726 vel
402 670 554 746 aequitate
599 665 661 726 Etsi
684 673 779 729 autem
804 669 859 750 ipsi
882 670 913 728 in
938 671 1152 732 excusationem

27 753 202 828 praepostero
221 766 275 806 sno
295 745 358 804 uelo
378 764 492 827 semper
511 747 669 806 obtendunt
683 745 740 808 Dei
758 767 874 822 nomen,
893 748 969 809 clare
989 756 1084 810 tamen
1099 752 1151 812 'de-

27 831 158 885 monstrat
181 825 252 885 baec
270 823 403 902 historia,
427 827 503 886 intus
522 845 640 907 regnare
660 847 768 888 meram
786 827 979 908 hypocrysin,
1003 834 1034 888 et
1052 849 1152 890 omnes

27 905 117 964 cordis
141 923 242 966 eorum
261 921 390 964 rooessus
408 905 549 966 vinulenta
568 907 673 966 malitia
692 909 811 970 refertos
830 926 902 968 esse.
940 907 1085 971 lactabant
1103 911 1151 970 isti

27 983 105 1043 Pauli
127 981 238 1060 hostes,
266 1002 297 1043 se
319 983 444 1044 vindices
462 1005 524 1046 esse
543 985 655 1046 divinae
673 985 769 1067 legis,
798 1005 853 1048 nec
871 986 924 1048 sibi
944 988 999 1048 nisi
1018 1008 1070 1068 pro
1090 990 1152 1055 etus

27 1064 183 1123 defensione
208 1063 303 1122 odium
327 1063 373 1126 vel
392 1067 602 1126 contentionem
620 1086 684 1128 esso
704 1087 771 1126 cum
789 1065 889 1138 Paulo.
930 1065 992 1126 Cur
1010 1085 1078 1150 ergo
1098 1053 1151 1128 ibr-

27 1141 128 1222 probos
148 1163 246 1202 omnes
264 1149 389 1216 armana¹
402 1150 432 1202 et
451 1164 516 1206 euna
535 1146 590 1206 illis
609 1147 773 1226 conspirant
791 1147 829 1208 ad
847 1147 1022 1208 movendum
1043 1148 1149 1210 tumul·

27 1223 104 1282 tum?
123 1219 183 1282 Cur
201 1223 285 1282 etiam
304 1224 380 1304 apud
420 1223 552 1290 rolanum
571 1245 616 1284 ma
637 1225 766 1290 umatum
785 1225 885 1286 eadem
904 1224 1150 1308 iuvidiaEvauge·

27 1301 93 1358 timu
112 1309 240 1380 merant,
260 1321 333 1383 quae
352 1304 381 1362 in
399 1245 507 1400 begem
525 1247 686 1365 redundare
705 1306 836 1386 poterat?
871 1304 948 1366 Talis
968 1313 1045 1366 oerte
1064 1306 1151 1370 factio

27 1381 95 1438 elare
115 1381 304 1456 demonstrat,
324 1382 394 1443 nihil
412 1403 506 1444 nunus
525 1403 612 1464 quam
632 1381 688 1444 Dei
708 1385 802 1444 studio
821 1383 959 1446 adductos
976 1385 1009 1446 iu
1027 1383 1152 1446 Paulum

27 1460 211 1522 excanduisse.
242 1460 389 1540 Quorsum
410 1465 486 1522 enim
504 1462 633 1523 obsidunt
653 1463 770 1524 domum
788 1463 905 1539 Iasonis,
925 1470 955 1524 et
973 1465 1152 1544 tumultuose
1223 1535 1226 1541 ¹

27 1539 193 1600 :ontendunt
212 1539 335 1602 Paulum
354 1542 420 1602 iude
439 1541 601 1616 cultubono,
625 1543 680 1602 nisi
699 1550 731 1602 ut
749 1543 933 1623 lapidandum
951 1543 1061 1624 populo
1082 1543 1153 1604 obit,

27 1620 109 1678 siant?
127 1619 244 1682 Scimus
263 1641 331 1702 ergo
351 1621 529 1694 cacozeliam,
549 1641 623 1702 qnae
642 1623 671 1680 iu
690 1625 892 1702 superstitiosis
912 1623 1075 1684 bominibus
1095 1625 1150 1685 ier·

27 1705 76 1772 rot,
95 1718 210 1782 semper
229 1699 375 1782 hypocsbi
394 1707 424 1761 et
442 1701 549 1774 malitia
568 1701 701 1762 inlectam
720 1721 790 1762 esse.
816 1700 884 1762 lude
904 1703 990 1764 etiam
1008 1699 1044 1764 fit
1062 1710 1096 1764 ut
1115 1703 1152 1766 ad

27 1779 162 1840 saevitiam
184 1782 246 1839 sine
266 1777 432 1842 ullomodo
454 1785 633 1862 prorumpat.
742 1822 744 1830 »

86 1863 267 1940 *assumptis
289 1862 461 1943 quibusdum
482 1863 735 1940 droumsoruaeis.
775 1857 916 1920 Graecum
941 1879 1062 1936 nemen,
1093 1881 1153 1943 quo

27 1937 105 1998 utitur
128 1937 225 2000 Lucas
252 1936 423 2019 (ἀγοραίων),
449 1941 569 2020 ignavos
594 1946 624 2000 et
646 1940 725 2000 nihili
755 1937 884 2002 homiues
913 1939 1066 2019 significat,
1097 1941 1148 2019 qui

27 2019 85 2078 rihil
105 2019 245 2080 babentes
274 2017 353 2098 quod
372 2018 450 2079 domi
468 2026 556 2102 agant
584 2019 632 2078 vel
660 2025 769 2092 curent,
794 2039 847 2114 per
870 2017 967 2078 torum
991 2019 1076 2080 otiosi
1101 2037 1150 2080 va·

27 2107 136 2176 gantur,
162 2098 209 2157 vel
227 2097 357 2160 homines
376 2099 498 2160 audaces
518 2106 547 2158 et
566 2098 724 2172 famelicos,
753 2117 804 2177 qm
822 2096 860 2156 ad
877 2097 1014 2177 periuria,
1043 2097 1080 2160 ad
1099 2100 1151 2160 uri-

27 2179 134 2238 reudas
155 2176 271 2252 turbas,
291 2183 321 2238 et
340 2178 462 2260 quodvis
481 2179 591 2240 facinus
612 2197 728 2256 operam
747 2196 829 2236 suam
847 2176 942 2236 locare
960 2179 1052 2256 parati
1071 2185 1152 2238 aunt:

27 2257 91 2317 rude
111 2259 220 2317 iterum
239 2259 408 2338 perspicitur
426 2257 502 2319 male
521 2257 574 2318 sibi
599 2258 727 2320 conscios
745 2254 848 2330 fusse,
878 2257 928 2336 qui
947 2255 983 2316 ad
1003 2255 1152 2318 bominum

27 2337 197 2396 rerditornm
228 2337 393 2418 suffragium
422 2337 498 2399 ultro
527 2335 714 2416 confugerint
753 2333 828 2396 Nam
853 2355 944 2416 quum
959 2334 1024 2414 ,ill'u
1043 2337 1184 2396 faveret·x
1216 2407 1219 2418 Ι

27 2418 215 2496 nagistratns,
249 2416 319 2495 quid
349 2435 399 2476 eos
428 2417 465 2478 ad
493 2417 664 2478 movendam
694 2416 772 2476 illam
800 2421 997 2496 tempestatem
1027 2415 1152 2496 impulit,

27 2495 438 2654 illutibilis?
457 2495 614 2638 :ltili
631 2492 1153 2638 iiiordbuddbiifiidsd'iddi‘

27 2671 117 2733 empe
145 2653 225 2732 quod
243 2615 394 2715 ’turmatim
417 2654 529 2736 plebem
554 2643 773 2730 concitaverint,
791 2661 832 2738 ‚et
856 2655 938 2734 quasi
957 2675 1009 2736 per
1028 2613 1151 2726 circulod

27 2733 175 2815 parserint
204 2752 287 2792 suurn
316 2751 466 2812 venenum,
495 2733 588 2798 donee
617 2735 653 2794 ad
682 2736 741 2794 vim
769 2733 944 2795 inferendam
973 2733 1152 2805 sufficerent:

27 2813 94 2894 juod
125 2811 279 2872 artificium
308 2815 447 2896 seditiosis
473 2815 558 2878 nimis
587 2834 738 2878 commune
766 2833 829 2876 essa
852 2814 1039 2896 experiuntur
1063 2813 1150 2878 maes

27 2892 163 2953 obnoxiae
183 2891 250 2952 huic
269 2895 380 2954 morbo.
446 2965 447 2970 η

92 2975 124 3046 6.Ι
168 2975 211 3031 Hi
224 2982 282 3054 qut
304 2984 453 3037 tusorum
477 2977 581 3040 orbam
621 2971 700 3036 Haeo
718 2979 764 3034 est
781 2967 928 3052 Evangelii
947 2971 1089 3046 conditio,
1118 2977 1152 3033 ut

28 3055 50 3112 li
70 3055 113 3114 im
127 3057 258 3111 tutentur
275 3055 430 3128 tumultus,
451 3075 524 3134 quos
542 3055 573 3112 in
593 3053 667 3112 illius
687 3053 927 3132 oppugnationem
947 3051 1036 3112 Satan
1057 3052 1152 3110 euntia

27 3141 59 3194 at.
135 3148 190 3190 aec
214 3150 330 3210 quoque
353 3131 479 3193 hostium
499 3131 605 3192 Christi
624 3129 789 3212 improbitas
807 3135 866 3202 est,
885 3135 919 3188 nt
936 3129 967 3188 in
986 3135 1101 3189 sanetus
1122 3133 1152 3190 et

27 3215 162 3274 rodestos
180 3203 313 3268 'doctor-os
331 3217 462 3292 regerent
480 3211 628 3271 turbarum
647 3211 776 3290 culpam,
790 3227 922 3346 Fquarum
941 3209 995 3288 ipsi
1015 3215 1083 3268 aunt
1101 3225 1152 3270 au·

27 3301 114 3354 tores.
160 3285 248 3348 Certe
267 3309 324 3348 non
343 3291 373 3349 in
394 3293 469 3350 bunc
487 3287 574 3350 linem
593 3290 772 3371 praedicatur
818 3287 986 3368 vangelium,
1007 3295 1039 3348 tat
1059 3285 1151 3348 bomi-

27 3395 57 3432 es
78 3371 119 3433 ad
140 3373 260 3429 mutuos
279 3369 427 3428 conllietns
446 3369 595 3442 accendat,
615 3369 663 3430 sad
684 3369 780 3448 potius
799 3375 832 3428 ut
840 3365 906 3428 Deo
916 3367 1101 3434 reconcilatus
1120 3367 1153 3428 iu

27 3473 81 3512 ace
102 3449 266 3510 contiueat.
300 3445 400 3527 Quum
420 3470 473 3508 uos
492 3449 549 3508 illie
569 3447 699 3510 Christus
720 3447 756 3514 ad
775 3457 806 3508 se
826 3447 946 3528 benigne
965 3447 1080 3521 invitet,
1099 3443 1152 3508 Sa-

27 3555 55 3593 ιιι
77 3538 111 3592 et
131 3529 216 3609 impii
235 3531 452 3588 tumultuantur.
473 3525 563 3588 Paulo
582 3529 669 3609 igitur
688 3534 718 3588 et
727 3525 804 3588 Silae
822 3529 853 3586 in
872 3532 1008 3611 promptu
1027 3533 1089 3587 erat
1104 3525 1151 3588 de·

27 3615 120 3686 sosio,
149 3609 203 3669 sed
221 3609 351 3688 oportuit
369 3608 443 3668 bane
465 3607 566 3670 salsam
590 3607 733 3668 infamiam
757 3609 835 3688 ipsos
858 3607 896 3666 ad
915 3613 1028 3686 tempus
1049 3605 1153 3680 subire,

27 3701 35 3753 t
56 3691 234 3775 quantisper
252 3707 311 3746 uon
331 3688 517 3750 audiebantur
536 3689 637 3748 tacitos
658 3687 802 3748 devorare.
831 3685 870 3748 Et
888 3683 1032 3746 Dominus
1052 3701 1153 3748 coram

27 3773 149 3854 templo
170 3787 289 3828 monere
308 3787 362 3826 uos
381 3769 488 3842 voluit,
507 3785 566 3828 nou
585 3765 743 3828 cedendum
762 3787 824 3827 esse
842 3767 991 3828 calumniis
1011 3783 1065 3826 nec
1084 3765 1151 3824 sini·

27 3855 74 3912 :ris
96 3846 275 3920 rumoribus,
294 3845 364 3928 quin
383 3845 493 3908 fortiter
512 3848 541 3908 in
560 3847 709 3908 asserenda
729 3849 849 3908 veritate·
865 3853 1041 3928 perstemus,
1061 3844 1154 3925 parati

27 3959 34 3994 ι
55 3937 141 3992 reete
160 3927 246 3986 factis
266 3927 340 3986 male
359 3928 465 3988 audire.
495 3925 593 4006 Quare
617 3926 738 3988 facessat
756 3946 890 4007 perversa
910 3923 1090 4004 quorundam
1109 3942 1153 3984 sa·

27 4013 127 4082 tentia,
150 4008 204 4088 qui
223 4011 256 4064 ut
274 4003 377 4066 falsum
396 4008 502 4066 crimen
521 4005 671 4088 refugiant,
692 4005 837 4066 Christum
852 4001 1077 4083 etEvangeliur‘n
1092 4023 1152 4064 uon
1190 3991 1203 4024 ⁹

27 4093 145 4153 ubitant
173 4083 283 4167 perfida
308 4105 360 4146 sua
379 4084 572 4146 moderatione
591 4083 729 4168 prodere,
752 4087 811 4146 a'csi
831 4103 932 4145 eorum
952 4085 1028 4144 laura
1046 4085 1151 4164 pretin-

27 4173 174 4232 orasset
199 4184 285 4244 quam
304 4159 386 4225 Pauli
410 4173 439 4225 et
463 4165 610 4239 similium,
639 4167 697 4226 iuro
722 4183 809 4245 quam
828 4163 941 4226 sacram
960 4162 1017 4225 Dei
1036 4185 1150 4238 nausea,

27 4251 88 4312 uod
110 4269 130 4308 a
151 4245 336 4326 blasphemiis
354 4246 480 4306 immune
498 4265 557 4306 uon
577 4240 629 4307 eal.
787 4309 802 4322 ,,
1159 4271 1162 4276 ’

84 4331 166 4394 7112·
192 4348 290 4386 omnes
319 4335 424 4386 ceastre
448 4327 563 4386 decreto
590 4329 737 4386 Caesaries
781 4323 944 4400 Secundum
964 4321 1152 4388 accusationis

27 4417 110 4494 tput,
143 4405 227 4487 quud
256 4406 430 4468 maiestatem
460 4406 571 4486 imperii
600 4408 711 4466 romani
738 4405 853 4528 viol‘qnp.
900 4403 996 4464 Grave·
1021 4411 1049 4462 'et
1070 4406 1148 4462 edio-
