2700 4844
459 213 589 281 CAPUT
606 211 733 278 XXVII.
1102 205 1162 275 tw

15 345 17 348 ’
42 351 102 418 tur,
123 341 295 403 slbttameu
314 353 432 398 ammae
451 333 573 416 Spiritus
592 327 802 416 gubernationis
820 329 950 390 consdns
969 333 1043 404 erat,
1066 333 1101 392 ut
1118 327 1162 388 lu·

42 423 144 504 trepide
161 419 310 482 monitoris
328 423 424 498 partes
444 416 586 496 suscipere
595 418 702 494 posset,
721 411 771 492 qui
780 415 962 490 praeeuntem
974 407 1096 470 babebat
1103 406 1162 468 Dei

41 503 183 584 Spiritum.
222 498 304 559 Unde
324 497 425 556 melius
444 501 536 576 patet,
556 492 635 574 quud
653 511 746 572 nuper
764 489 857 570 attigi,
881 487 1003 549 Paolum
1022 489 1062 548 ila
1080 506 1161 570 prae·

40 583 121 643 lando
140 579 356 662 expergefacere
375 581 512 648 vectores,
531 581 564 632 ut
583 572 717 632 attentius
735 569 851 630 audiant
869 569 948 649 quod
967 569 1160 629 dictums'est.

39 661 149 742 Alioqui
164 659 316 720 ridiculum
329 656 437 730 inisset,
456 654 601 718 hominem
613 650 782 734 nauitagum
797 648 922 711 ciusdem
936 649 1102 712 calamitatis
1115 666 1161 709 se-

38 743 87 802 ciis
105 741 224 801 salntem
244 738 417 820 promittere.
858 783 859 792 ,

114 823 161 883 23.
180 825 287 881 Amisit
309 825 387 878 euim
408 817 489 875 mill.
528 810 572 872 Ne
590 811 756 872 temeritatis
776 811 857 891 argui
875 809 980 892 possit,
1004 809 1084 892 quod
1101 815 1163 870 tam

38 920 133 960 secors
155 899 286 959 omnibus
311 897 430 956 salntem
454 893 614 977 promittat,
639 891 736 953 Deum
759 897 863 951 testem
884 910 920 950 ac
943 897 1090 951 auctorem
1113 891 1162 950 ad·

37 982 121 1040 ducit.
159 977 220 1040 Nec
238 997 308 1038 vero
328 975 444 1036 dubium
464 979 522 1048 est,
577 971 624 1032 nin
648 979 726 1032 certa
749 971 792 1032 illi
820 972 976 1032 constiterit
995 972 1110 1032 visionis
1128 969 1163 1030 fi-

38 1062 100 1134 des,
124 1065 156 1120 nt
180 1057 338 1120 aSatanae
362 1054 519 1136 praestigiis
541 1053 599 1110 ni'
629 1058 776 1112 metueret.
816 1047 893 1128 Quia
917 1052 993 1111 enim
1011 1049 1065 1111 sub
1083 1069 1163 1112 reve·

37 1142 171 1200 lationum
200 1139 293 1220 specie
322 1155 406 1216 saepe
434 1130 597 1196 hominibus
619 1131 715 1192 illudit
738 1131 787 1191 ille
810 1131 949 1192 mandacii
966 1137 1062 1212 patcr',
1090 1152 1163 1194 nnu-

58 1239 123 1280 nam
145 1225 233 1280 servis
258 1216 316 1278 suis
340 1215 471 1298 apparuit
490 1211 572 1274 Deus
596 1211 644 1272 sel
668 1229 722 1293 per
746 1231 778 1271 se
797 1211 844 1271 vel
863 1229 916 1292 per
934 1211 1063 1294 angelos,
1093 1213 1164 1294 quin

37 1241 189 1360 iilustribus
223 1298 298 1358 notis
328 1315 442 1356 omnem
472 1291 652 1354 dubitationis
684 1309 748 1351 scm
768 1291 849 1350 ulum
878 1291 1026 1366 eximeret,
1061 1289 1163 1354 deinde

36 1378 142 1460 Spiritu
161 1378 334 1438 discretionis
353 1395 402 1436 ens
420 1377 581 1444 instrueret,
600 1391 638 1431 ne
658 1372 723 1466 quis
741 1311 858 1430 librom
877 1377 950 1430 esset
969 1371 1060 1432 locus.
1091 1372 1162 1433 Cae·

36 1465 127 1518 terum
155 1459 258 1518 diserte
282 1453 389 1515 Paulus
413 1472 528 1513 nomem
552 1447 611 1510 Dei
633 1469 678 1509 sm
702 1449 825 1510 celebrat
850 1449 927 1531 apud
948 1449 1077 1516 hommes
1096 1472 1163 1534 pro.

34 1538 129 1611 fanos,
149 1557 207 1596 uon
226 1535 313 1598 modo
332 1540 366 1592 ut
382 1533 493 1592 discant
511 1533 542 1590 in
560 1529 665 1589 lndaea
683 1527 740 1589 coli
759 1549 858 1589 verum
878 1525 989 1605 Deum,
1008 1531 1058 1591 sed
1078 1533 1165 1593 etiam

34 1622 201 1697 agnoscant,
225 1618 286 1674 eius
311 1613 450 1672 cultorem
475 1607 600 1670 Paulum
622 1608 704 1688 ipnm
723 1625 792 1668 esse.
832 1607 964 1670 Sciebant
983 1629 1092 1684 omnes,
1112 1629 1165 1672 eur

34 1697 177 1758 coniectus
202 1700 278 1754 esset
300 1695 331 1752 in
353 1691 481 1752 vincula:
506 1707 584 1750 nuno
607 1705 697 1767 mum
721 1705 738 1744 e
763 1685 843 1745 coelo
862 1688 899 1746 nd
918 1707 985 1748 enm
1004 1692 1097 1771 augeli
1117 1690 1163 1752 de·

32 1776 182 1850 scendunt,
212 1773 344 1853 colligere
368 1777 535 1852 promptum
559 1773 617 1838 est,
647 1767 780 1826 divinitus
799 1765 913 1845 probari
932 1767 1020 1847 ipsine
1039 1789 1163 1831 cauum.

31 1855 137 1915 Subest
155 1855 242 1936 igitur
260 1854 291 1912 in
310 1851 354 1912 bis
373 1850 466 1911 verbis
485 1846 633 1930 Evangelii
652 1843 868 1906 commendatio.
907 1844 1017 1907 Interea
1034 1847 1164 1910 videmus

30 1943 65 1995 ut
84 1933 190 1994 Paulos
209 1931 330 1994 vinculis
348 1929 522 2012 triumphet,
542 1927 611 1988 dnm
630 1931 674 1986 tot
692 1923 855 1986 hominibus
879 1925 1007 1988 minister
1026 1933 1071 1988 est
1088 1927 1163 1989 saln-

29 2016 70 2075 tis
88 2020 119 2074 et
138 2011 194 2074 Dei
212 2015 359 2093 interpres.

111 2093 160 2156 24.
179 2094 228 2154 Ne
247 2101 359 2164 remeas,
378 2092 484 2152 Paule.
523 2087 632 2150 Sedulo
651 2085 709 2150 buc
726 2085 879 2166 incumbit,
899 2093 933 2148 ut
951 2089 1000 2150 nni
1019 2087 1085 2150 Deo
1104 2088 1164 2172 glo·

29 2175 103 2235 riam
122 2171 296 2233 liberationis
316 2177 431 2245 usserat,
452 2185 489 2231 ne
507 2169 580 2230 ialso
600 2187 664 2230 eam
682 2169 868 2250 superstitiosi
883 2169 1164 2231 adsnaidolatram·

28 2253 137 2315 ierant:
157 2259 187 2312 et
205 2252 262 2312 hoc
280 2251 367 2312 modo
385 2251 423 2310 ad
441 2257 549 2310 rectam
566 2248 654 2309 iidem
672 2267 723 2309 eos
742 2247 851 2308 invitat
871 2247 981 2310 Verum
999 2249 1067 2309 binc
1096 2255 1164 2324 atet,

28 2339 138 2414 quanta
157 2332 195 2391 sit
212 2331 361 2392 hominnm
380 2331 520 2410 pravitas,
544 2329 624 2410 qnod
643 2346 727 2388 sums
746 2327 882 2388 daudunt
901 2330 977 2388 sanis
995 2337 1025 2390 et
1088 2327 1164 2388 ubri-

28 2413 84 2474 bus
105 2410 242 2486 consiliis,
267 2417 296 2472 et
322 2413 418 2471 statim
435 2407 492 2470 Dei
511 2409 646 2491 gratiam,
670 2409 800 2488 quamvis
818 2406 992 2468 familiariter
1010 2409 1065 2468 illis
1083 2409 1165 2468 inno-

26 2493 126 2566 tuerit,
146 2489 361 2567 obliviscuntur,
379 2491 448 2563 imo,
468 2489 547 2570 qnod
567 2487 691 2548 deterim
711 2493 763 2563 est,
804 2494 962 2548 raesentem
980 2495 1011 2548 et
1030 2487 1083 2548 sibi
1097 2493 1166 2548 ante

26 2571 129 2632 ocnlos
158 2571 281 2650 positam
309 2591 369 2630 non
397 2568 496 2630 vident
525 2589 578 2630 neo
607 2569 740 2627 sentiunt.
783 2507 942 2648 iltcrruque
957 2575 1054 2628 autem
1072 2568 1165 2630 maior

26 2669 97 2788 pape
116 2651 227 2746 ingrata
235 2647 344 2788 {wlfr
370 2669 429 2710 non
447 2655 544 2788 tepuere
559 2647 737 2789 pppispiiructu
760 2647 934 2788 patpllpetum
946 2646 1165 2788 ·fuii,·h9⁰ffi

26 2749 503 2888 tatttttttttmtts
518 2735 619 2870 iurem
638 2743 834 2884 adlidi,
853 2745 998 2889 tpttt
1011 2748 1076 2870 lai
1092 2807 1165 2886 oss.

25 2889 94 2964 sari,
113 2887 172 2950 buc
190 2889 345 2970 spectabat,
364 2895 398 2948 nt
416 2891 480 2970 pios
498 2889 589 2970 mags
608 2886 789 2949 confirmaret
807 2889 869 2948 eius
888 2888 1039 2963 confessio,
1058 2887 1165 2949 ubiad·

24 2970 130 3030 moniti
149 2975 257 3042 essent,
280 2969 395 3049 prodire
415 2987 432 3027 a
450 2965 516 3028 Deo
540 2974 644 3028 testem
668 2966 836 3028 asserendae
853 2966 1000 3050 Evangelii
1019 2969 1164 3030 tornines

24 3055 107 3109 certo
127 3047 307 3121 destinatum,
331 3054 361 3108 ct
379 3049 409 3106 in
428 3045 507 3105 hunc
526 3065 609 3105 usum
628 3046 745 3109 servari.

107 3129 242 3187 Donavit
260 3127 312 3187 ttbt
331 3147 431 3186 omues
444 3133 569 3186 mosmos.
589 3123 710 3186 lidetur
723 3126 841 3186 innuere
853 3123 953 3200 leucas,
973 3117 1164 3189 Paulumnon

23 3204 116 3268 modo
136 3225 191 3287 pro
211 3225 250 3279 se,
270 3204 320 3263 sed
339 3225 392 3284 pro
408 3205 469 3264 aliis
489 3223 605 3284 quoqne
625 3223 729 3280 orasse,
748 3212 783 3265 ut
802 3225 901 3265 omnes
915 3203 996 3266 Deras
1015 3225 1033 3265 e
1052 3205 1164 3267 uenire-

23 3289 74 3368 gio
94 3287 227 3366 eriperet.
262 3281 301 3342 Et
320 3291 396 3344 certe
415 3283 561 3366 probabile
581 3289 633 3358 est,
653 3303 743 3366 quom
763 3285 913 3346 discrimen
933 3303 1085 3348 commone
1104 3305 1164 3347 cer·

22 3372 120 3438 neret,
140 3385 200 3425 non
218 3367 258 3424 ita
277 3361 364 3425 inisse
383 3364 538 3425 distentum
556 3366 633 3425 vilae
651 3381 719 3425 suae
739 3372 821 3438 ebra,
841 3372 874 3426 nt
893 3365 964 3426 alios
982 3365 1164 3448 negliegeret,

23 3452 129 3583 ntpp)te
143 3464 217 3540 qpos
227 3443 381 3506 cernebant
393 3445 495 3540 eodem
511 3444 671 3506 discrimine
683 3444 845 3541 implicitos
869 3443 969 3506 Potest
981 3451 1078 3506 tamen
1090 3445 1164 3544 lieri,

22 3529 87 3663 lius
112 3531 559 3687 ttttttttttttttt:
579 3531 783 3686 {illidii}
806 3521 1163 3685 ,iiil‘dsiilimdii

21 3681 159 3746 fidelibus
178 3685 322 3744 coniuncti
341 3689 416 3744 sunt.
435 3685 480 3746 lta
489 3685 633 3746 Sodomae
647 3685 843 3764 perpercisset,
863 3685 888 3746 si
903 3685 1008 3766 reperti
1021 3685 1082 3744 illie
1094 3685 1162 3746 irris-

21 3769 91 3822 sent
115 3763 215 3824 decem
239 3761 324 3844 probi
348 3761 487 3826 bomincs.
532 3761 588 3824 llic
612 3765 781 3844 quaeritur,
795 3769 937 3844 quatenns
959 3765 1053 3845 impiis
1072 3766 1165 3846 prosit
1273 3797 1277 3805 ·

20 3842 199 3904 Sanctorum
221 3843 376 3924 integritas.
418 3839 547 3912 Primam
571 3842 698 3904 tollenda
721 3851 766 3904 est
784 3841 965 3926 Papistarnm
989 3845 1161 3926 superstitio,

20 3922 73 3999 qui
100 3922 171 3981 dnm
190 3922 309 3982 andiunt
328 3925 358 3982 in
377 3915 495 4018 gratiam
515 3925 642 4005 priorum
662 3921 743 3984 malis
763 3921 909 3997 beneficti,
933 3923 1000 3983 illos
1020 3925 1163 3988 somniant

18 3999 210 4076 mediatores,
229 4004 280 4080 qui
299 4002 405 4062 meritus
424 4003 482 4062 suis
501 4003 609 4064 mundo
628 4002 749 4063 salutem
768 4005 928 4084 impetrent
957 4003 991 4063 ln
1010 4023 1046 4065 eo
1066 4010 1163 4066 autem

18 4078 65 4138 bis
87 4080 170 4140 stulti
188 4089 256 4142 sunt
273 4089 304 4142 et
321 4084 509 4164 praeposteri,
533 4083 612 4164 quod
636 4081 708 4142 haec
725 4083 857 4144 meorum
876 4084 969 4164 elogia
987 4083 1106 4146 trabunt
1124 4085 1162 4146 ad
1243 4077 1251 4090 ’

18 4167 164 4234 mortuos,
183 4177 239 4220 nec
257 4162 339 4243 aliter
357 4182 444 4243 quam
462 4183 563 4225 eorum
580 4164 685 4224 intuitu
700 4161 796 4224 Deum
815 4165 868 4225 sibi
887 4165 949 4225 fore
963 4172 1080 4248 sperant
1093 4185 1159 4246 pro·

19 4240 143 4317 pilium,
167 4239 289 4320 ideoque
317 4249 454 4323 patronos
478 4243 530 4304 sibi
554 4245 704 4304 asciscunt.
750 4242 860 4305 Omitto
885 4243 963 4324 quod
983 4244 1159 4307 Sanctorum

20 4319 127 4381 merita
152 4319 323 4385 extollendo·
342 4323 493 4404 gratuitam
512 4323 568 4386 Dei
586 4323 743 4388 bonitatem
762 4324 923 4386 obscurant.
962 4321 1023 4388 laur
1041 4331 1076 4388 nt
1093 4344 1158 4408 pro·
