2700 4844
166 229 225 294 468
561 215 602 280 lN
622 213 727 282 Ac'rr
746 209 884 278 Arosr.

167 338 353 422 Eorngelinrn
366 333 474 400 Christi
493 351 592 395 ornnes
610 331 647 392 od
660 330 852 413 poeniteniam
866 331 966 396 vocet,
987 323 1124 406 seqoltnr
1138 341 1258 398 omnm,
1275 341 1317 382 ιιι-

137 457 141 466 ·
169 421 299 484 toreiiter
315 419 434 479 vitiosos
452 433 515 475 esse
533 420 564 474 et
582 419 742 492 corruptos,
761 425 892 490 opusque
912 405 1026 466 bebere
1045 407 1229 464 motatione.
1263 401 1316 462 Ilo

170 508 217 564 eet
241 499 367 560 similiter
390 495 439 555 bie
461 494 559 568 loeus,
587 494 686 561 inseite
704 488 891 570 Evengdirurr
917 491 1107 567 pervertere,
1137 483 1196 565 qrrl
1221 481 1317 543 muri

172 580 293 666 gendum
315 595 332 637 o
352 575 524 656 poenitentia
543 576 683 652 separent.

189 677 192 684 ’
251 662 300 721 21.
323 659 490 718 Terdoruol
510 652 686 732 interficere,
723 647 779 708 illc
803 645 839 707 tle
863 643 994 706 bostium
1018 661 1151 704 snorum
1175 642 1318 723 iniquitute

172 738 439 879 3ξὲἓίῗὶῗὶιῖ
458 732 531 892 {lli
547 725 1027 892 ffiliffili‘lfflrssffi
1047 723 1317 898 {ffmt'lttt

296 859 304 874 .
820 847 830 869 c
1306 843 1315 874 ς

169 904 202 958 et
222 896 280 957 illic
337 895 394 954 tior
411 891 507 952 futore
525 898 588 950 eret
605 907 704 950 eornm
723 884 857 960 conditio,
876 903 967 966 quum
986 889 1081 963 gratu
1101 890 1135 943 et
1151 883 1316 942 amenitate

171 978 258 1057 longe
281 991 347 1056 pos
370 971 519 1054 pollerent.
563 967 695 1029 Testetur
713 985 781 1048 ergo
799 965 890 1026 rabies
909 963 946 1024 od
966 983 1057 1044 quom
1077 963 1251 1042 prosilimt,
1274 979 1313 1020 ro·

171 1057 251 1118 tiene
274 1073 325 1114 cos
344 1053 466 1112 destitui.
506 1047 596 1128 Quod
614 1068 645 1107 se
663 1046 721 1107 Dei
740 1046 848 1105 anxilio
867 1049 1014 1104 servotum
1035 1041 1108 1102 dim't
1125 1039 1252 1117 Penios,
1281 1039 1315 1098 od

173 1133 417 1198 confirmationem
442 1131 588 1190 doetrinae
614 1145 681 1187 sure
700 1125 790 1185 valete
815 1123 890 1185 unde
909 1123 987 1184 enim
1006 1120 1055 1198 iit,
1081 1128 1116 1180 ut
1134 1140 1257 1180 mom
1275 1121 1315 1178 flii

172 1215 318 1297 porrigere
346 1213 476 1292 dignetur
504 1208 540 1268 od
562 1219 654 1288 'opem
676 1203 836 1277 ferendum,
865 1203 921 1262 nisi
944 1203 1012 1282 quis
1036 1202 1206 1261 ministrum
1230 1219 1315 1258 sunm

174 1293 311 1374 agnoseit,
330 1298 360 1350 et
378 1307 493 1350 musmo
512 1305 598 1367 qoem
618 1283 721 1366 probet
739 1283 805 1343 volt
822 1283 917 1343 tueri?
956 1280 1035 1341 Adde
1052 1280 1136 1359 qnod
1150 1278 1214 1338 Dei
1232 1299 1314 1360 pree-

172 1375 247 1434 sidio
267 1370 384 1436 animari
403 1365 507 1438 debuit,
529 1373 560 1424 ut
579 1371 660 1426 teoto
681 1363 857 1423 constantius
875 1363 908 1421 in
927 1359 1019 1420 officio
1036 1366 1184 1439 pergeret:
1203 1359 1315 1438 ingrati

173 1453 250 1512 enim
270 1447 391 1510 bominis
409 1445 517 1518 luisset,
538 1463 623 1526 opem
643 1443 746 1504 ferenti
766 1461 797 1504 se
812 1441 980 1502 subducere.
998 1437 1155 1516 Quocum
1164 1439 1313 1518 exemplo

173 1531 318 1599 doeemur,
338 1525 449 1604 quoties
468 1524 608 1606 eripimur
626 1544 663 1584 ex
683 1523 823 1606 periculis,
843 1541 903 1583 non
922 1520 987 1581 ideo
1005 1516 1244 1599 prorogarinobis
1263 1517 1311 1576 vi-

172 1613 232 1669 lem
251 1627 268 1668 ιι
287 1605 428 1677 Domino,
453 1621 527 1684 qoee
546 1603 649 1664 deinde
667 1623 720 1684 per
737 1602 878 1684 ignavium
897 1603 1064 1670 moreeseot,
1082 1597 1137 1657 sed
1153 1604 1191 1657 nt
1210 1596 1312 1656 olmi-

173 1694 217 1748 ter
241 1684 337 1746 oliieio
361 1688 461 1742 nostro
484 1682 634 1763 fungentes
658 1685 689 1742 in
707 1683 767 1742 eins
787 1682 906 1762 gloriam
925 1681 1000 1740 mori
1019 1677 1139 1759 siugulis
1159 1679 1314 1736 momentis

241 1767 265 1825 ti
293 1764 396 1838 simus,
426 1761 477 1842 qui
504 1781 558 1822 nos
587 1761 639 1822 sibi
662 1763 826 1821 reservavit
865 1758 967 1840 Neque
994 1766 1094 1818 temen
1117 1757 1228 1816 oblitus
1252 1763 1314 1816 erut

200 1843 298 1918 euius,
318 1841 387 1923 quid
406 1838 534 1902 Tribono
553 1840 679 1901 deberet:
699 1841 748 1900 sed
767 1841 814 1900 bic
833 1837 1014 1900 commendet
1032 1836 1092 1897 Dei
1109 1837 1265 1912 milium,
1283 1841 1314 1894 ui

173 1945 235 1986 non
264 1923 345 1984 oliler
368 1917 498 1981 debuisse
520 1918 582 1980 fieri
602 1921 744 1994 ostendat,
774 1939 860 1999 quoru
879 1925 913 1980 rrt
932 1918 1078 1998 reliquom
1096 1919 1175 1976 vitoe
1194 1935 1313 1975 cnr-snm

173 2005 218 2066 illi
247 2001 434 2086 impenderet,
458 2019 476 2060 ιι
499 2019 558 2082 quo
581 1999 716 2062 liberatus
735 1998 841 2077 lueret,
865 1999 934 2060 iicet
952 1998 983 2060 it
1001 1997 1171 2078 eonh'gisoet
1187 1995 1313 2058 bominis

174 2101 262 2144 menn
281 2089 312 2142 et
331 2101 348 2140 o
369 2100 428 2142 ern.

254 2165 303 2224 22.
355 2153 511 2242 mttfieoor.
530 2159 648 2222 Dictum
667 2167 710 2221 est
729 2161 804 2236 olibi,
823 2160 889 2242 plns
908 2177 972 2220 esse
990 2153 1140 2218 testificari
1160 2173 1253 2238 quom
1266 2155 1311 2216 do·

175 2261 250 2315 cere,
268 2241 328 2300 acsi
346 2241 470 2300 solennis
489 2243 563 2302 inter
581 2239 678 2302 Deum
697 2247 729 2302 et
746 2241 875 2301 homines
895 2238 1065 2300 contestatio
1084 2235 1189 2312 finer,
1214 2243 1249 2296 nt
1266 2255 1311 2296 nn

176 2327 288 2383 constet
300 2317 456 2402 Evangelio
474 2322 614 2382 molestes.
638 2319 719 2380 Dicit
737 2325 843 2394 eutem,
862 2339 894 2380 se
913 2318 1023 2397 mugnis
1036 2323 1068 2376 et
1082 2317 1187 2398 pervio
1201 2324 1312 2376 essete-

176 2407 264 2475 stem,
289 2407 322 2460 ut
341 2402 444 2462 sentiet
461 2419 514 2460 rex
532 2399 661 2482 Agrippa
680 2399 717 2460 ed
736 2418 767 2460 se
785 2417 901 2480 quoque
920 2397 976 2458 boc
996 2397 1158 2478 pertinere,
1177 2403 1209 2455 et
1228 2417 1311 2476 quom

175 2481 301 2542 minimis
321 2479 480 2560 quibusque
500 2481 618 2541 oliertur
636 2480 733 2540 solutis
753 2479 890 2552 doctrino,
909 2478 1026 2538 minime
1045 2475 1078 2535 id
1096 2476 1227 2548 obsim
1247 2495 1312 2555 quo

174 2561 269 2620 minus
287 2559 373 2619 etiem
391 2561 427 2620 ed
446 2579 547 2640 regum
557 2560 732 2620 altitudinem
742 2558 921 2619 conscendet.
941 2555 1052 2616 Eodem
1066 2557 1148 2616 enim
1161 2555 1312 2636 complexo

173 2638 305 2700 Christus
324 2637 454 2698 homines
473 2640 620 2698 universos
638 2641 670 2696 in
688 2640 782 2698 sinum
801 2658 884 2698 suum
903 2637 1025 2718 colligit,
1043 2641 1094 2710 nt,
1114 2637 1168 2716 qui
1209 2637 1311 2696 rr'rrsio

175 2725 300 2779 stercore
320 2717 458 2790 iacebant,
477 2718 562 2776 erecti
582 2717 612 2776 io
631 2723 744 2776 tontum
762 2717 900 2778 honorem
919 2718 951 2776 in
970 2716 1095 2798 gratuite
1109 2719 1172 2776 eins
1247 2719 1311 2773 ’.ιιιι

174 2797 341 2876 glorientur,
361 2797 411 2874 qui
430 2813 500 2856 vero
520 2796 550 2854 in
570 2795 628 2854 elio
649 2795 765 2856 honoris
804 2797 873 2856 redu
892 2796 979 2856 locati
1000 2801 1078 2868 sont,
1094 2800 1197 2876 speon
1217 2793 1309 2854 sebo-

172 2875 295 2946 milient,
319 2891 373 2932 nee
418 2879 554 2932 noventur
573 2893 611 2934 ex
630 2819 836 2956 contemptibili
855 2883 884 2936 et
903 2873 1003 2934 inlimo
1023 2874 1108 2955 volgo
1125 2873 1231 2932 bebere
1251 2873 1306 2931 ire

173 2959 246 3027 tres,
270 2953 301 3011 ni
324 2953 380 3032 ipsi
398 2893 449 3012 biit
468 2950 525 3012 Dei
544 2951 620 3020 fient
661 2953 711 3015 Sic
728 2957 823 3037 primo
841 2955 877 3018 ed
896 2953 1046 3015 Romanos
1065 2973 1091 3012 r.
1110 2955 1171 3026 ib,
1198 2949 1308 3012 stultis

173 3040 205 3094 et
225 3031 400 3112 replentibus
421 3051 452 3092 se
471 3032 627 3094 debitorem
646 3052 708 3094 esse
727 3041 939 3110 commemorat,
958 3051 995 3094 ne
1004 3033 1142 3094 Romanis
1159 3031 1312 3092 menie

176 3115 214 3172 sit
237 3113 393 3192 sapientiae
417 3130 485 3173 suae
508 3111 624 3187 fiducie,
649 3117 802 3193 quominus
826 3135 858 3176 se
881 3117 941 3174 cios
967 3115 1116 3174 doctrinae
1134 3112 1311 3174 submittent

172 3189 248 3252 Hinc
268 3191 422 3265 cunnus,
441 3211 498 3252 noo
518 3212 579 3252 esse
599 3193 629 3252 in
649 3194 766 3254 arbitrio
784 3194 917 3268 doctoris,
936 3193 1081 3254 oudilores
1101 3193 1157 3252 sibi
1174 3193 1312 3272 deligere:

176 3290 232 3366 nee
256 3271 350 3330 minus
373 3270 466 3332 iecere
485 3269 550 3332 Deo
573 3273 719 3348 iniuriam,
743 3293 831 3368 qoem
853 3275 915 3333 iure
940 3293 993 3331 ruo
1018 3273 1154 3334 fraudare
1174 3271 1313 3332 beminer-

172 3350 1314 3511 tt'tttt0ttt{titlettttltttlttlffitt‘tffi

170 3587 695 3649 n,
716 3511 959 3650 ιιιιιιιι
976 3511 1311 3652 trizene

171 3611 1117 3830 colnvlinncrndenlcr·
1129 3749 1172 3810 n
1196 3748 1272 3810 m
1298 3631 1308 3651 ’

172 3831 205 3886 ot
224 3824 343 3900 idoneos
362 3831 392 3886 et
411 3827 543 3888 classicos
583 3827 704 3888 rodueet
723 3829 867 3890 doetrinae
891 3847 959 3888 suec
983 3769 1179 3902 rene’nqbon
1204 3769 1313 3890 eos}

171 3903 334 3966 bominibus
356 3907 488 3980 manmit,
518 3927 548 3968 se
592 3905 691 3968 Mosen
711 3910 795 3971 citetu
807 3917 838 3971 et
859 3906 1034 3989 Prophetes,
1064 3909 1176 3988 quibus
1201 3907 1313 3969 mdub'u

170 3987 324 4046 eodemus
349 3983 415 4046 dote
437 3991 499 4046 eret
523 3984 697 4048 eDomioo.
736 3987 777 4049 Et
794 3993 871 4051 oenc
890 3987 947 4049 boe
964 4007 1057 4052 onom
1075 3989 1174 4048 solide
1193 3987 1311 4049 toene

169 4063 262 4152 ppiuoi
282 4065 342 4124 ium
360 4071 416 4140 est,
435 4063 507 4126 nibil
526 4065 652 4146 prolerre
670 4067 725 4128 nisi
745 4069 824 4148 qood
842 4087 880 4128 ex
898 4086 949 4128 ore
966 4061 1024 4126 Dei
1043 4067 1192 4148 prodiisse
1211 4085 1311 4130 coerr-

168 4143 220 4193 nrt·
300 4143 381 4202 einde
408 4151 509 4204 notum
538 4164 642 4226 operae
670 4147 794 4228 pretium
823 4155 883 4222 eet,
912 4147 1064 4229 praecipuo
1093 4146 1190 4209 inisse
1218 4149 1315 4226 dispu-

167 4211 282 4304 tationip
318 4223 424 4296 capite,
459 4241 533 4300 quoe
566 4244 644 4284 nuuc
672 4227 786 4306 attingit
814 4225 921 4288 lauces:
955 4225 1012 4286 boo
1039 4225 1129 4286 luisse
1162 4247 1184 4308 p
1262 4229 1318 4284 ’ΝΒ

170 4284 277 4346 Cbnstr
294 4311 425 4396 munus,
453 4309 622 4364 mortuone
647 4305 764 4385 expiere
781 4313 899 4388 peceato
917 4306 1031 4382 mnndi,
1060 4247 1316 4388 mgfflffl‘
