2754 4864
204 207 263 270 142
595 199 634 260 ΙΝ
655 199 759 276 ACTA
779 197 916 260 Arosr.

204 321 317 393 domm,
345 318 427 398 qussi
451 317 592 378 violentus
616 319 689 397 iguis
712 317 741 376 in
764 317 908 376 namnam
932 317 1056 396 erupit
1091 315 1141 378 Sic
1160 317 1235 380 veti
1250 317 1296 383 liei

203 401 300 460 auditu
320 417 434 459 necesse
452 396 590 494 estusiliui
609 395 745 492 reprobos
764 413 872 468 omues,
892 395 995 490 quibus
1012 399 1121 492 imperet
1135 399 1230 494 Seleu.
1258 402 1297 494 lit

204 477 315 620 llis}1⁸
311 475 515 640 {titul
525 475 660 616 ,titt
678 474 1191 634 {igal‘dffillitdldiiffl
1176 484 1298 618 ,tlt

204 644 339 721 appetens
368 642 486 717 repente
515 637 661 696 excitetur.
710 634 777 694 ldee
804 633 861 694 boe
879 632 997 694 Christe
1020 641 1139 713 lanusru
1182 638 1301 716 repr-ium

204 719 328 798 assignet
346 717 478 792 Simeon,
502 714 638 796 Retegere
663 715 846 793 cogietioues
864 733 902 773 ex
921 712 1074 773 multorum
1149 655 1206 774 'dus
1224 713 1300 792 (Luc

204 803 233 872 2,
253 799 313 875 35).
353 794 415 856 Nee
437 802 533 856 tamen
558 794 613 855 hoe
639 795 737 854 solutis
757 793 902 854 decresse
920 793 1023 852 ascribi
1044 792 1132 868 debet,
1156 795 1198 852 eui
1213 797 1300 888 petius

203 877 251 938 hie
269 876 333 936 finis
352 883 396 936 est
414 876 591 956 propositus,
617 880 653 934 trt
676 871 808 933 subactus
832 872 980 932 bominum
1005 873 1113 932 animos
1134 871 1227 931 iubes
1243 871 1301 931 ube-
1351 895 1352 904 ¹

204 957 338 1018 dieutism
356 955 498 1016 reformet.
518 953 625 1014 Verum
646 953 695 1012 ubi
714 953 800 1012 suiuri
818 951 950 1012 oSstsue
966 953 1089 1031 possessi
1103 957 1173 1024 sunl,
1190 951 1304 1011 silebo

203 1042 365 1116 urgeantur,
384 1033 446 1094 lieri
465 1053 523 1094 nou
544 1039 640 1114 petest
659 1033 729 1113 quiu
747 1037 872 1112 emerget
891 1032 1032 1110 impietus.
1064 1029 1139 1112 Ergo
1157 1031 1305 1090 accidentale

203 1121 248 1178 est
266 1114 323 1174 hoe
341 1114 456 1174 ruslmu
497 1111 549 1172 llis
568 1121 664 1174 umen
682 1111 820 1192 exemplis
838 1129 998 1184 moueruur,
1023 1112 1136 1170 minime
1154 1111 1303 1192 sperandus

203 1213 275 1267 esse,
295 1201 328 1254 ut
337 1191 392 1252 Dei
413 1192 531 1252 verbum
551 1211 650 1254 omnes
668 1192 704 1252 sd
724 1209 822 1252 ssnsm
840 1196 964 1250 urentem
980 1198 1101 1250 revewt
1121 1188 1303 1268 Qusedelrinr

203 1275 286 1335 nobis
305 1273 341 1332 ed
361 1275 547 1332 coustantium
567 1269 649 1331 valde
668 1271 824 1332 necessaris
843 1277 893 1330 est.
941 1266 1002 1346 Qui
1021 1270 1132 1329 docendi
1150 1289 1250 1328 munus
1267 1289 1305 1328 su·

169 1361 181 1380 ⁸
203 1355 322 1426 stincnt,
347 1349 467 1410 fideliter
486 1351 563 1411 obire
583 1351 652 1410 illud
672 1358 700 1410 et
720 1351 838 1429 exsequi
856 1356 1015 1428 nequeunt,
1038 1350 1102 1428 quin
1120 1346 1173 1407 Dei
1190 1355 1306 1408 contens-

203 1430 332 1511 ptoribus
351 1431 453 1490 aeriter
472 1449 503 1488 se
522 1436 678 1510 opponant.
718 1429 817 1507 Quum
841 1435 938 1489 sutem
961 1448 1096 1508 uunquam
1120 1428 1207 1486 desint
1224 1427 1305 1485 scele-
1351 1467 1352 1512 ,

203 1511 258 1568 rsti
276 1508 413 1581 homines,
432 1527 449 1568 s
470 1509 573 1589 quibus
592 1509 776 1590 vilipenditur
785 1508 841 1568 Dei
860 1509 998 1582 maiestas,
1017 1509 1155 1567 tennes
1172 1506 1208 1566 sd
1225 1506 1306 1566 istum
1351 1523 1352 1536 ¹

202 1587 342 1669 Steplrsni
361 1587 567 1648 vehueuliem
586 1588 704 1649 subinde
723 1607 836 1649 neeesse
855 1595 907 1648 est.
938 1585 1001 1646 Non
1018 1590 1089 1648 euim
1106 1587 1249 1646 connivere
1265 1587 1307 1643 iss

202 1675 255 1741 est,
274 1666 323 1726 ubi
342 1664 407 1727 Deo
427 1687 496 1728 suus
515 1669 632 1749 eripitur
651 1668 752 1729 honor.
779 1667 857 1746 Quid
877 1673 974 1726 sutem
994 1667 1056 1726 inde
1074 1667 1195 1726 evenient
1214 1683 1309 1745 nempe
1351 1677 1352 1718 i

201 1747 290 1826 magis
318 1747 538 1808 iudumsusbitur
567 1749 704 1828 impietus.
750 1749 791 1806 lla
811 1747 970 1806 videbimur
990 1746 1083 1806 eleum
1101 1747 1224 1818 cuusinu,
1242 1743 1308 1824 qued
1351 1747 1352 1808 l

202 1827 295 1898 siunt,
318 1826 431 1886 addere.
470 1827 578 1890 Venrm
599 1827 733 1907 quicquid
757 1827 880 1899 occidat,
910 1846 969 1884 nun
987 1833 1084 1886 tumeu
1101 1825 1192 1905 impiis
1210 1843 1308 1921 parees-
1351 1823 1352 1832 ’

202 1907 272 1965 dum
289 1912 347 1981 est,
376 1906 427 1966 sed
452 1906 563 1976 lor-liter
586 1907 732 1988 premendi
757 1913 838 1978 sunt,
868 1906 976 1966 etiamsi
1001 1925 1103 1966 omues
1121 1905 1221 1964 iulerur
1239 1905 1309 1964 iuriu

201 2003 333 2045 evomere
361 1985 490 2049 debeant
534 1987 580 2046 Ae
604 1994 714 2046 certum
736 1993 780 2046 est
804 2005 853 2045 cos
874 1987 922 2066 qui
947 1986 1103 2066 impiorum
1123 2003 1205 2044 sures
1221 1984 1309 2042 delitiis
1351 2017 1352 2028 κ

201 2066 318 2124 mulceri
337 2066 447 2138 volunt,
467 2085 526 2126 nou
545 2074 605 2126 turn
624 2067 765 2145 respicere
784 2065 955 2146 proiectum,
981 2084 1070 2144 quum
1090 2065 1208 2145 pertendi
1225 2065 1310 2123 tinere

200 2146 301 2204 molles
330 2164 400 2206 esse.
450 2145 510 2206 Nos
535 2165 604 2206 vero
627 2149 773 2225 utcunque
797 2163 857 2205 nou
882 2164 941 2204 seur
980 2144 1194 2225 rrespoudeut
1211 2150 1311 2202 siuns
1351 2153 1352 2222 ξ

201 2225 274 2282 volis
293 2226 397 2284 nostris
416 2227 536 2286 sciamus
556 2225 748 2286 tortitudinem
772 2225 802 2284 iu
827 2241 975 2284 suerrus
999 2225 1117 2304 pietatis
1142 2223 1261 2282 doctrine
1277 2238 1310 2278 ss·
1351 2239 1352 2284 i

200 2303 336 2362 crifieinru
356 2304 423 2364 boni
442 2307 537 2366 oderis
557 2326 618 2365 esse
637 2303 710 2364 Deo.
1351 2329 1352 2360 ι

277 2388 326 2446 55.
369 2389 466 2458 Quum
485 2395 556 2444 esset
574 2388 678 2464 pimus
701 2394 817 2465 spirite
857 2382 925 2444 Dici
949 2385 998 2444 vix
1023 2388 1123 2465 potest
1147 2382 1255 2463 quantis
1274 2399 1311 2438 se-
1351 2373 1352 2450 l

238 2463 299 2521 stiis
318 2465 485 2526 constrictus
506 2465 590 2524 luerit
614 2483 713 2524 servus
732 2465 855 2536 Christi,
885 2483 974 2544 quurn
1000 2481 1031 2523 se
1058 2463 1191 2543 undique
1214 2463 1312 2521 erun·
1351 2467 1352 2528 ξ

199 2482 425 2602 ddum-videret
444 2543 561 2604 rabiosis
584 2543 726 2617 hostibus,
756 2544 911 2604 bonitatem
936 2561 1037 2604 causae
1064 2560 1137 2602 suse
1162 2543 1260 2622 purtim
1279 2558 1311 2598 es

199 2621 314 2682 luurniis
334 2628 363 2681 et
382 2622 501 2695 mulitia,
531 2623 635 2702 purtim
654 2625 684 2682 vi
703 2622 732 2682 et
751 2624 856 2684 iusunis
875 2621 1048 2684 clamoribus
1068 2641 1252 2703 oppressero,
1275 2639 1313 2677 un

198 2699 283 2780 dique
311 2702 465 2760 truculenti
494 2703 591 2761 vultus
620 2704 774 2777 instarent,
815 2705 876 2782 ipse
905 2703 939 2762 sd
970 2702 1062 2760 duum
1097 2710 1130 2762 et
1162 2699 1313 2761 horrendum

89 2779 100 2800 ⁸
198 2781 298 2839 mortis
317 2801 406 2860 genus
427 2781 593 2852 traheretur,
614 2801 753 2861 nusquam
774 2790 924 2863 appareret
943 2781 1102 2842 subsidium
1121 2784 1175 2842 vel
1187 2783 1312 2840 -lesuneo

197 2857 274 2940 Ergo
304 2861 343 2918 itu
369 2859 519 2920 destitutus
540 2861 687 2920 nominum
710 2861 827 2936 auxilio,
852 2863 889 2922 sd
909 2861 1003 2922 Deum
1023 2879 1053 2920 sc
1072 2863 1232 2922 convertit
1265 2857 1315 2916 llos

148 2953 156 2960 ·
197 2940 290 3020 primo
309 2938 375 2998 leco
394 2940 551 3000 nolendum
570 2947 622 3015 est,
643 2941 896 3022 q'nodStephsnus
913 2945 943 3002 iu
963 2941 1063 3000 ultime
1080 2961 1185 3002 rerum
1207 2940 1314 3000 omnium

197 3015 404 3099 desperatione,
434 3019 503 3080 dum
532 3021 590 3080 sols
621 3023 757 3080 mors‘in
782 3022 873 3082 oculis
898 3027 1042 3103 versetur,
1073 3020 1112 3079 nb
1134 3021 1314 3080 bominumrl

107 3165 114 3174 ι
196 3099 295 3158 muudi
314 3099 418 3159 iutuitu
438 3119 469 3159 se
488 3107 618 3160 avertens
637 3101 667 3160 in
687 3100 876 3170 deum,=vitse
895 3107 926 3161 et
944 3101 1045 3161 mortis
1064 3100 1222 3173 arbitrum,
1241 3099 1314 3158 rouie

195 3179 390 3251 ecrit,;0eules.
421 3177 533 3240 Deinde
553 3180 608 3241 lree
627 3181 711 3240 simul
731 3180 901 3256 sddendurn,
922 3181 1090 3240 lnrstrsturu
1111 3179 1314 3269 exspectatione

112 3349 115 3358 ·
195 3259 1316 3421 tttttttts‘tttttttt,tlsttttttltt'sttttfft,tt

195 3419 339 3479 coelorum
365 3425 511 3496 aspectum
536 3421 574 3478 im
595 3419 691 3479 edicet.
730 3423 771 3480 Iss
790 3421 902 3480 eoelum
926 3437 994 3502 ergo
1018 3421 1134 3499 respicit
1156 3420 1316 3501 Stephanus,

194 3506 228 3559 ut
250 3496 357 3559 Cbn'sli
386 3505 541 3578 conspectu
569 3441 660 3559 drutus
688 3500 816 3559 suimum
846 3499 977 3578 colligat,
1006 3517 1040 3558 ee
1064 3499 1197 3560 moriens
1222 3499 1317 3558 deus:

193 3585 286 3638 morte
305 3576 452 3657 splendide
471 3578 637 3658 triumphet.
677 3576 738 3638 Nos
757 3597 826 3638 vere
848 3599 937 3659 quum
962 3579 1119 3638 interram
1138 3579 1262 3638 nimium
1279 3575 1315 3632 de·

193 3657 245 3719 lini
263 3657 361 3730 simus,
380 3657 450 3716 nibil
470 3659 573 3717 mirum
593 3660 617 3717 si
637 3676 667 3718 se
688 3657 818 3718 Christus
837 3657 919 3718 uobis
939 3678 996 3716 nun
1016 3657 1160 3717 ostendet
1204 3653 1318 3718 llinclit

193 3744 225 3798 ut
244 3757 303 3798 uon
322 3742 433 3795 tentum
458 3738 488 3795 in
513 3743 618 3810 merle,
648 3737 699 3797 sed
723 3737 759 3798 ud
778 3738 955 3798 levissimum
975 3755 1118 3817 quemque
1139 3738 1264 3818 periculi
1281 3755 1316 3794 ru·

192 3837 302 3878 morem
321 3822 407 3894 sque
426 3815 463 3881 sd
482 3819 630 3896 strepitum
650 3817 710 3876 lolii
730 3816 856 3878 cudentis
874 3817 960 3876 enimi
979 3835 1032 3878 uos
1052 3815 1198 3876 deliciunt.
1223 3815 1317 3876 litus
1351 3867 1352 3878 ,

192 3899 259 3957 rite:
280 3895 328 3956 ubi
349 3897 424 3954 enim
443 3902 550 3968 nostro,
570 3897 624 3956 nisi
643 3897 672 3956 in
692 3895 818 3970 Christo,
836 3896 994 3956 fortitude?
1019 3896 1108 3975 Atqui
1128 3897 1256 3976 perinde
1272 3893 1318 3952 soi
1351 3887 1352 3972 l

191 3977 262 4036 nibil
281 3975 362 4036 nobis
382 3975 513 4055 praesidii
532 3975 587 4036 uisi
605 3977 635 4035 in
655 3977 762 4036 muudo
781 3975 866 4050 foret,
886 3975 998 4036 coelum
1018 3977 1191 4035 emittimus.
1234 3973 1316 4034 Porro
1351 3977 1352 4034 l

191 4057 293 4114 vitium
312 4053 368 4114 boe
387 4055 491 4134 corrigi
509 4053 591 4114 uliter
609 4076 667 4116 nou
687 4061 790 4135 potest,
811 4073 898 4134 quum
918 4056 943 4114 si
958 4074 1011 4115 uos
1020 4053 1076 4114 Dei
1086 4053 1217 4137 Spiritus
1226 4061 1318 4115 mun
1351 4089 1352 4136 p

175 4133 228 4190 ‘sd
246 4139 349 4192 terrem
369 4134 489 4193 inflexos
509 4133 622 4194 sursum
642 4135 739 4215 eriget.
774 4134 874 4214 lisque
893 4134 968 4194 hune
987 4153 1101 4194 esuum
1120 4135 1252 4216 assignet
1269 4129 1318 4190 Lu·
1351 4143 1352 4208 l

190 4227 255 4346 tt
268 4207 1320 4356 “todillis31⁰“dilfflllud“l⁶⁸ld1d⁰¹²ddll'ffidss

190 4369 313 4444 eportet,
333 4365 444 4442 quoties
464 4368 545 4428 melis
565 4389 711 4456 sugemus,
743 4364 786 4432 Et
805 4377 882 4432 uerte
901 4371 992 4432 donee
1011 4373 1071 4452 ipse
1091 4372 1219 4448 illucent,
1240 4370 1319 4432 nobis
1351 4411 1352 4492 p
