2742 4856
512 223 642 292 csmrr
660 225 728 292 xv.
920 173 929 200 i
1117 228 1177 298 ess

59 363 175 430 pugnus,
198 345 276 406 intus
298 360 369 406 vero
394 349 518 406 terrores
536 365 598 408 esse
616 353 766 428 expertum
785 343 842 424 (ln
861 344 929 407 Cor.
947 344 978 421 7,
996 345 1054 424 d),
1092 342 1176 408 Prec-

59 431 136 509 cipue
158 427 229 486 boec
252 424 369 484 historie
393 429 500 485 notatu
516 425 599 506 digne
621 433 674 486 est.
717 425 840 490 Tametsi
857 428 939 492 eninr
957 432 1058 488 ustura
1077 445 1177 488 omnes

59 527 165 568 crucem
194 511 224 565 et
247 505 379 585 quemvis
403 507 626 585 persequutionis
650 508 773 588 speeiem
798 506 961 580 horremus,
989 505 1056 586 plus
1080 511 1176 566 tamen
1217 525 1219 528 ·
1291 578 1294 586 Α

58 587 92 648 ab
110 582 384 646 intestinis-dissidiis
404 591 446 643 est
464 586 591 665 periculi,
610 605 646 646 ne
665 587 775 646 annuos
794 579 906 646 nostros
925 585 1112 666 franguntvel
1127 585 1175 645 de·

57 666 167 726 biiiteut.
208 662 306 742 Quum
328 661 453 723 violento
471 666 580 746 impetu
600 667 714 746 tyranni
733 672 829 738 ruunt,
848 667 948 724 metuit
967 665 1082 745 quidem
1097 683 1175 740 caru,

57 753 84 805 et
112 747 271 824 quicunque
296 741 406 823 Spiritu
434 743 604 805 fortitudinis
633 745 751 826 praediti
775 765 833 804 non
859 751 926 804 sunt
942 743 1090 824 ,trepident
1112 751 1175 804 toto
1232 803 1240 816 ,

56 825 148 886 eorde:
174 825 225 884 scd
243 829 313 882 tune
333 824 515 883 conscientias
534 825 612 884 nulla
630 827 749 884 tentatio
768 827 882 905 proprie
901 825 1025 904 attingit,
1048 825 1175 904 agnosci·
1209 835 1213 844 “

54 913 100 964 tur
117 905 193 964 enirn
211 905 291 982 quasi
308 902 400 962 fatalis
419 899 560 964 Ecclesiae
580 905 712 964 conditio.
751 902 809 963 Sed
828 904 896 963 dum
915 904 1053 984 confingit
1071 905 1173 964 fratres

54 984 137 1046 simul
160 985 310 1062 confligere
334 987 363 1040 et
387 979 541 1044 Ecclesiam
565 985 639 1044 iutra
663 1003 694 1044 se
714 984 893 1056 tumultuari,
923 981 985 1042 lieri
1002 1001 1060 1042 non
1078 989 1175 1064 pumat
1255 1029 1257 1035 s

55 1065 122 1143 quin
140 1062 287 1122 turbentur
305 1067 389 1142 atque
407 1064 492 1122 etiem
511 1063 652 1124 labascent
671 1062 799 1131 infirmae
817 1071 934 1131 mentes,
954 1081 988 1122 ee
1007 1063 1172 1143 praesertim

54 1143 103 1202 ubi
119 1149 259 1202 murman
277 1149 318 1200 eet
337 1143 371 1200 de
391 1142 527 1216 doctrina,
547 1161 620 1224 qnae
639 1161 695 1200 una
714 1161 826 1202 sacrum
844 1149 889 1202 est
907 1141 1055 1202 vinculum
1074 1141 1173 1200 frater·

57 1241 110 1282 nee
128 1224 250 1282 unitatis.
288 1219 418 1302 Denique
442 1222 512 1282 uilnl
531 1231 575 1282 est
593 1222 678 1302 quod»
690 1220 844 1302 Evangelio
863 1223 953 1302 magis
971 1221 1172 1296 incommodet,

56 1321 141 1382 quum
160 1302 306 1361 intestinae
325 1299 488 1376 discordiae,
507 1303 574 1382 quie
588 1322 646 1362 non
656 1301 741 1362 modo
750 1301 907 1382 percellunt
916 1299 1019 1360 debiles
1028 1301 1172 1360 musun-

52 1386 118 1453 ties,
135 1381 186 1442 sed
198 1393 301 1440 'ansam
320 1381 504 1441 maledicendi
521 1383 615 1462 impiis
633 1383 789 1464 porrigunt.
839 1379 937 1457 Quare
955 1379 1102 1460 diligenter
1120 1399 1172 1440 no·

52 1461 133 1520 tanda
151 1467 197 1522 est
214 1459 284 1520 baec
302 1459 433 1534 historin,
462 1462 632 1522 nesciamus
651 1481 709 1520 non
727 1481 791 1521 esse
809 1479 917 1520 novum
937 1459 1116 1540 exemplum,
1145 1461 1172 1524 si

50 1542 122 1600 inter
143 1559 206 1616 eos,
236 1541 286 1621 qni
309 1540 384 1600 idem
402 1539 573 1620 prolitentes
591 1539 790 1621 Euangeliou,
818 1542 986 1600 nodantur
1003 1544 1100 1598 temen
1120 1539 1169 1600 uli·

50 1639 122 1698 quae
141 1620 362 1680 concertationes
382 1620 417 1678 de
436 1619 576 1696 doctriua,
599 1619 666 1680 dum
685 1620 813 1681 homines
832 1621 957 1690 ventosi,
982 1617 1101 1692 numeni
1120 1637 1169 1678 cu·

49 1703 93 1758 ins
121 1700 217 1760 insana
246 1699 399 1779 cupiditate
423 1697 535 1772 ardent,
565 1719 622 1759 nou
652 1699 733 1759 aliter
760 1705 880 1778 possunt
908 1699 1054 1778 acquirere
1123 1716 1170 1759 aue
1223 1744 1225 1752 ,

46 1797 99 1838 sua
120 1779 253 1860 figmenta
275 1777 437 1859 ingerendo.
477 1777 594 1838 Certum
614 1779 727 1858 quidem
747 1785 808 1850 est,
828 1778 911 1836 sicuti
930 1796 1003 1836 nnus
1022 1783 1067 1835 est
1110 1795 1170 1852 eus,

48 1861 87 1918 ita
112 1878 198 1918 unam
222 1879 284 1920 esse
302 1861 363 1918 eius
382 1861 543 1917 veritatem:
572 1859 637 1916 ideo
656 1857 778 1930 Paulus,
807 1854 877 1914 dum
894 1855 1003 1914 hortari
1021 1856 1084 1934 vult
1101 1855 1171 1914 iide-

46 1940 89 1997 les
113 1938 148 1998 ed
167 1947 298 2014 mutuum
317 1957 499 2008 consensum,
521 1936 577 1996 boc
595 1939 685 1997 utitur
703 1941 882 2017 argumento,
901 1932 983 1993 Unus
999 1931 1094 2004 Deus,
1113 1953 1171 1993 una
1212 1998 1225 2012 fl

44 2017 143 2091 Fides,
170 2039 260 2078 unum
284 2019 442 2099 baptisma,
471 2025 526 2076 etc.
558 2014 673 2097 (Ephes.
694 2017 723 2091 l,
743 2016 795 2093 6.).
844 2009 902 2072 Sed
927 2031 1017 2092 φιιιιιι
1041 2013 1171 2072 ridemus

44 2117 189 2179 emergere
212 2098 356 2180 improbus
381 2097 523 2171 homines,
553 2099 602 2176 qui
628 2102 657 2154 et
676 2094 830 2156 Ecclesium
853 2090 1022 2152 lectionibus
1044 2093 1171 2152 scindere

42 2185 197 2250 conantur,
226 2185 256 2238 et
279 2175 358 2236 Esau
378 2177 463 2236 elium
493 2177 585 2256 ipsum
617 2175 782 2234 adulterinis
807 2173 975 2232 commentis
998 2175 1048 2230 aut
1071 2171 1170 2232 vitiare

41 2265 94 2318 aut
117 2263 281 2338 suspectum
303 2197 436 2329 reddere,
459 2263 560 2314 notum
579 2273 641 2314 esse
659 2254 740 2314 nobis
761 2251 843 2312 debet
861 2250 986 2310 Satanae
1005 2248 1167 2310 artificium.

38 2337 111 2397 ideo
130 2336 237 2396 Paulus
261 2323 480 2395 alibi'haereses
504 2335 533 2394 in
553 2335 676 2394 medium
696 2333 809 2471 prodire
828 2331 908 2404 dicit,
937 2337 970 2390 ut
989 2331 1039 2410 qui
1058 2329 1171 2410 probati

39 2424 111 2476 sunt
130 2415 271 2475 manifesti
289 2413 360 2474 fiant
378 2414 412 2492 (Ι.
432 2413 499 2472 Cor·
519 2419 567 2489 11,
587 2416 658 2552 19².
722 2420 737 2473 t
755 2418 831 2473 certe
849 2409 990 2470 Dominus
1010 2409 1083 2468 miro
1102 2427 1174 2474 con«,

37 2499 107 2556 silio
132 2495 222 2554 eludit
240 2493 362 2554 Seianae
385 2493 540 2566 vafritiem,
564 2513 622 2574 quo
661 2492 764 2553 talibus
783 2491 982 2572 experimentis
1001 2507 1118 2548 suorum
1136 2487 1171 2548 sr·

36 2577 109 2635 dem
128 2574 280 2648 examinat,
300 2581 328 2632 et
347 2573 466 2632 verbum
484 2592 567 2632 suum
587 2579 670 2633 ornat
683 2573 831 2654 'praeclara
851 2569 977 2643 victoria,
996 2569 1120 2648 iecitque
1136 2575 1169 2629 ut

34 2653 133 2794 {³55⁸
158 2652 383 2792 diluciqthspileat
402 2654 629 2792 veritas,quem
648 2652 831 2791 obtenebrqqe
850 2649 951 2790 consqi
963 2655 1028 2789 spent
1038 2647 1169 2729 improbi.

61 2755 79 2793 e
125 2751 223 2792 omnes
304 2752 379 2794 onae
402 2751 640 2809 curcumsanrss,
659 2751 769 2815 quaea
812 2749 865 2792 uca
884 2747 1032 2806 nonnus,
1061 2748 1168 2812 expen-

35 2815 107 2874 dere
127 2814 268 2872 eonvenit.
316 2827 320 2844 ¹
937 2837 938 2840 ¹

123 2893 182 2968 Qui
206 2893 409 2953 descenderunt
437 2915 458 2953 c
477 2889 601 2953 lodorii}
639 2892 695 2955 Hic
739 2896 880 2952 ruetextm
904 2889 1059 2970 plurimum
1081 2890 1168 2951 etism
1221 2919 1225 2928 ·

35 2973 117 3054 apud
137 2975 226 3032 bonos
245 2973 357 3032 valebat
376 2980 445 3032 tunc
464 2973 500 3032 ad
519 2973 681 3033 saliendum.
751 2972 921 3049 ierosolyma
939 2989 998 3038 non
1017 2969 1067 3028 ebs
1086 2989 1117 3029 re
1135 2972 1166 3031 iu

36 3072 152 3113 summo
172 3052 281 3112 honore
299 3051 376 3132 apud
396 3071 494 3110 omnes
513 3053 644 3112 ecclesius
660 3057 728 3124 erut,
789 3051 815 3109 ‘a
829 3069 887 3108 non
902 3067 983 3108 secus
998 3068 1031 3108 ac
1045 3056 1167 3110 matrem

36 3132 174 3192 colebant
192 3151 226 3192 eo
245 3131 458 3192 reverebantur:
478 3147 545 3188 nam
564 3150 601 3190 ex
620 3151 655 3190 eo
666 3131 752 3190 iente
786 3129 946 3207 vangelium
965 3129 1047 3206 quasi
1065 3145 1117 3208 per
1130 3130 1167 3186 ri-

34 3231 91 3271 vos
111 3211 265 3272 deductum
284 3213 385 3271 lueret
424 3209 549 3269 Veniunt
566 3211 614 3268 isti
632 3208 810 3288 impostores,
829 3205 985 3286 Apostolos
999 3205 1166 3281 obtendunt,

34 3311 68 3352 se
94 3291 166 3352 nibil
190 3291 290 3353 afferre
308 3291 412 3350 iactant
431 3289 509 3370 quod
528 3307 586 3348 nou
606 3287 715 3348 abillis
735 3286 890 3346 didicerint.
930 3284 994 3344 Hoc
1012 3285 1092 3344 sumu
1111 3285 1187 3343 sal-'

32 3380 96 3430 tem
123 3373 333 3452 perstringunt=
346 3367 445 3428 oculos
469 3369 620 3448 imperitis,
649 3368 728 3428 leves
752 3372 847 3426 autem
866 3371 895 3425 et
917 3364 1039 3445 improbi
1064 3364 1167 3444 cupide

34 3451 169 3510 oblatum
188 3451 315 3511 colorem
334 3450 480 3527 arripiunt.
520 3445 700 3508 Perturbetio
718 3445 876 3516 Ecclesiae,
900 3445 981 3524 quasi
1003 3451 1165 3524 tempestas,

32 3531 131 3590 bonos
151 3529 257 3612 alioqui
277 3537 305 3590 et
324 3529 485 3590 moderatos
504 3530 639 3600 concutit,
658 3535 692 3598 nt
710 3529 849 3608 cogantur
867 3523 998 3602 titubare.
1032 3521 1165 3584 Notandu

31 3611 125 3692 igitur
148 3609 219 3672 haec
238 3609 361 3670 Satanae
386 3607 525 3680 vafrities,
555 3607 632 3704 quod
657 3615 820 3668 sanctorum
843 3603 1006 3664 nominibus
1028 3601 1165 3680 abutitur,

30 3697 66 3748 ut
86 3689 195 3749 iucum'
206 3689 378 3771 simplicibus
397 3688 496 3763 beist,
589 3687 736 3747 bominum
755 3687 914 3747 reverentie
933 3683 1063 3764 occupati
1083 3681 1118 3742 de
1131 3701 1164 3742 re

29 3771 104 3850 ipsa·
122 3771 266 3853 inquirere
288 3791 347 3830 nou
367 3769 479 3829 sudent.
547 3787 585 3826 on
604 3768 737 3848 exprimit
755 3765 870 3848 quidem
888 3761 994 3840 Lucas,
1019 3767 1078 3842 quo
1098 3764 1167 3822 allo

29 3857 85 3908 ctu
111 3849 228 3930 impulsi
252 3850 357 3910 inerint
375 3847 604 3919 istinebulones,
622 3847 774 3910 verisimile
793 3853 887 3906 lemen
906 3849 950 3904 est
992 3841 1165 3918 numeqnier

27 3933 59 3988 in
93 3949 180 3989 cansa
208 3929 309 4004 fuisse,
337 3937 372 3988 ut
400 3949 431 3990 se
455 3927 546 3988 Paulo
571 3935 600 3986 el
618 3926 764 3988 Barnabae
782 3925 972 4007 opponerent:
1001 3929 1069 3980 sunt
1087 3922 1164 3982 enim

26 4029 151 4069 morosa
176 4009 314 4090 quaedam
339 4011 463 4088 ingenia,
487 4007 589 4088 quibus
607 4006 677 4068 nibil
697 4008 802 4088 placet,
828 4007 881 4066 uisi
899 4021 992 4062 snum.
1031 3999 1163 4061 Hieroso·

26 4091 131 4167 lymee
161 4089 403 4150 circumcisionem
433 4096 461 4148 ct
489 4089 560 4148 elios
584 4084 667 4170 Legis
690 4090 760 4149 ritus
785 4087 915 4148 videraut
942 4081 1063 4143 servam
1091 4099 1162 4162 quo·

24 4187 149 4249 cunque
167 4172 291 4243 veniant,
309 4167 379 4228 nibli
397 4175 517 4249 possunt
535 4184 642 4227 novum
661 4176 712 4228 aut
721 4170 867 4228 diversum
881 4167 966 4239 terre,
983 4164 1064 4244 quasi
1078 4163 1163 4222 eunius
1243 4231 1248 4240 ¹

22 4247 179 4310 Ecclesiae
197 4249 361 4330 exemplum
380 4249 501 4330 reliquas
522 4268 624 4313 omnes,
639 4256 716 4309 certa
735 4249 797 4329 lege
816 4246 925 4306 obstrin
943 4250 980 4303 at.
1024 4241 1089 4302 llui
1111 4260 1161 4301 au·

23 4335 89 4388 tem
117 4329 190 4390 tales
212 4335 398 4410 praepostero
421 4327 485 4389 nelo
504 4327 635 4388 feriuntur
653 4328 689 4391 ad
709 4327 863 4400 movendas
883 4265 995 4399 turias,
1024 4325 1101 4384 intus
1119 4329 1161 4380 ta·

20 4427 95 4469 men
118 4427 172 4470 sue
190 4429 240 4474 eos
259 4409 392 4471 sollicitat
410 4408 526 4474 ambitio
546 4415 575 4470 et
594 4410 774 4470 contumacia
793 4407 931 4488 quaedam
954 4405 1077 4485 instiget.
1117 4399 1160 4460 ln·
