2810 4850
177 245 214 312 dd
570 237 610 301 ut
630 235 772 300 utens.
792 235 925 298 lOANN.

177 357 279 428 nescis
299 354 384 424 nude
406 352 525 435 veniet,
552 371 611 421 nec
634 373 699 442 quo
722 351 824 418 vadat.
875 350 929 418 Sic
950 358 998 417 est
1020 349 1123 418 omnm
1148 352 1210 443 qui
1229 353 1313 444 geni.

177 464 232 534 tus'
253 474 301 533 est
328 482 369 531 ex
391 455 517 555 Spiritu.
566 459 598 526 9.
630 455 807 552 Respondit
839 453 1047 540 Nicodemus‚
1079 467 1112 526 et
1145 455 1227 526 dixit
1259 459 1316 543 illi,
1401 483 1402 562 p

177 569 350 658 Quomodo
371 577 507 658 possunt
528 565 606 632 haee
626 563 715 640 heri?
760 565 811 632 10.
835 561 1011 655 Respondit
1038 561 1140 648 lesus,
1167 575 1203 634 et
1233 565 1317 634 dixit
1374 581 1402 656 ·}

178 680 217 760 ei,
238 677 291 766 Tu
312 698 347 743 es
368 672 516 763 magister
535 669 665 754 Israelis,
688 681 720 738 et
740 669 818 739 haee
838 669 984 762 ignoras?
1008 669 1059 736 11.
1081 669 1194 756 Amen,
1216 688 1315 742 emen
1401 691 1402 710 ¹

179 783 248 852 ilico
269 781 339 865 tibi,
362 776 448 870 quod
471 777 634 861 novimus,
666 761 840 868 loquimurr
873 787 906 844 et
927 771 1015 866 quod
1035 771 1189 862 vidimus,
1220 789 1317 846 teste·

178 914 262 958 rnur:
285 897 318 958 el
338 884 554 953 testimonium
575 895 720 952 nostmm
742 905 808 962 non
829 881 974 974 recipitis.
1021 881 1074 948 12.
1097 881 1135 948 Si
1155 885 1316 952 terrestria
1401 869 1402 930 i

178 991 370 1074 dixivohis,
392 1000 512 1058 elnon
534 989 672 1059 eruditiss
706 989 886 1082 quomodo,
917 988 945 1058 si
968 988 1079 1056 dixero
1102 987 1196 1058 vobis
1218 989 1316 1059 coele

179 1103 253 1184 stie,
276 1095 428 1168 credetis?
520 1107 524 1116 '
1062 1107 1063 1110 ¹

258 1315 288 1376 7.
329 1313 378 1374 Ne
396 1320 521 1374 mireris.
562 1311 648 1373 Varie
667 1310 746 1372 hunc
765 1312 863 1374 locum
881 1317 1017 1390 torquent
1035 1311 1210 1393 interpretes.
1241 1309 1316 1390 Qui·
1401 1385 1402 1388 Ἴ

179 1397 243 1454 darn
263 1391 413 1454 Nicodemi
430 1400 461 1454 et
478 1393 613 1452 similium
632 1392 786 1454 crassitiem
806 1390 956 1474 perstringi
981 1396 1099 1472 putant,
1122 1392 1181 1452 nesi
1207 1389 1317 1452 diceret
1401 1401 1402 1450 l

180 1475 324 1547 Christus,
343 1491 402 1534 non
421 1491 484 1534 esse
503 1473 621 1546 mirum·
637 1473 661 1532 si
680 1472 796 1532 coelesti
814 1469 885 1531 illud
903 1471 1125 1552 regenerationis
1143 1473 1316 1550 mysterium
1401 1473 1402 1540 t

123 1613 129 1622 ,
179 1553 238 1616 non
258 1556 386 1636 capient,
410 1551 525 1632 quondo
549 1572 586 1613 ne
605 1553 634 1612 in
655 1552 754 1612 ordine
773 1551 889 1632 quidem
907 1557 1026 1610 naturae
1045 1569 1146 1611 eorum
1165 1550 1315 1632 qnaesnh
1361 1607 1367 1618 ,
1401 1581 1402 1616 r

179 1653 279 1694 sensura
298 1633 403 1694 cadunt
421 1634 561 1694 rationem
580 1651 610 1695 os
682 1639 776 1692 untur.
805 1629 863 1692 Alii
883 1637 1015 1712 orgtrtum
1025 1631 1149 1712 quidem,
1170 1631 1316 1690 sednimis
1401 1637 1402 1642 ’

180 1721 313 1775 eoactum
331 1732 447 1773 sensum
465 1712 626 1788 excudunt,
667 1713 735 1773 iouti
754 1709 826 1772 liber
845 1716 889 1770 est
908 1711 987 1772 venti
1005 1712 1104 1785 flatus,
1129 1712 1171 1771 itu
1189 1709 1317 1791 Spiritus

200 1796 309 1854 culture
327 1811 381 1852 nos
399 1792 430 1852 in
449 1791 609 1854 libertatern
628 1793 745 1866 restitui,
764 1796 799 1874 ul
817 1791 905 1852 soluti
925 1809 941 1850 a
959 1793 1068 1872 peceati
1087 1791 1155 1872 iugo
1165 1796 1269 1870 sponte
1278 1789 1317 1848 ad

212 1893 278 1932 eum
297 1882 452 1932 curramus.
497 1871 630 1932 Alienum
649 1873 734 1932 elisur
754 1889 871 1953 prorsus
890 1877 934 1931 est
953 1889 970 1930 a
991 1868 1097 1931 Christi
1117 1875 1213 1930 mente
1233 1869 1317 1948 quod
1401 1877 1402 1896 ¹

181 1954 264 2013 allent
283 1951 474 2033 Augustinus,
495 1949 634 2032 Spirihrm
652 1949 709 2012 Dei
727 1969 780 2010 suo
800 1950 916 2011 urbihio
935 1946 998 2011 esse
1016 1949 1170 2010 ellioacem.
1211 1948 1317 2008 Melius

181 2032 405 2111 Chrysostomus
422 2039 454 2091 et
474 2030 614 2111 Cyrillus‚
640 2032 690 2112 qui
714 2031 927 2092 similitudinem
946 2049 963 2090 o
982 2037 1068 2091 vento
1088 2036 1234 2113 sumptem
1253 2047 1318 2087 esse

180 2114 289 2186 uennr,
308 2119 395 2192 atque
413 2112 453 2172 ita
472 2110 690 2191 accommodent
708 2111 744 2169 ad
763 2117 940 2192 praesentem
959 2111 1069 2174 locum:
1090 2108 1318 2188 Quumviseius
1401 2159 1402 2186 p

181 2193 327 2267 sentiatur,
347 2191 483 2273 originem
503 2199 598 2252 tumen
616 2197 647 2252 et
665 2209 780 2251 censam
797 2190 894 2264 latere.
938 2188 1001 2273 Ego
1020 2197 1054 2266 ut
1073 2189 1109 2249 ab
1129 2209 1231 2249 eorum
1252 2207 1316 2268 sep-
1356 2201 1359 2207 ·

137 2299 142 2314 =
180 2274 268 2333 tentia
292 2291 352 2332 nun
375 2271 459 2352 longe
484 2267 611 2345 discedo,
640 2273 680 2330 ita
705 2270 812 2330 Christi
835 2289 950 2334 sensum
972 2276 1002 2330 et
1025 2269 1129 2330 clarius
1154 2273 1185 2329 el
1210 2268 1319 2328 certius

179 2369 324 2433 exponere
348 2351 482 2411 conabor.
528 2349 648 2411 Retineo
677 2351 850 2432 principium
877 2349 963 2424 illud,
993 2349 1071 2430 quod
1101 2347 1319 2408 sirnilihrdinem
1401 2391 1402 2402 ,

180 2437 328 2492 mutuetur
347 2428 477 2490 Christus
497 2430 533 2490 eb
554 2429 652 2493 ordine
670 2437 799 2490 naturae.
826 2429 991 2490 Incredibile
1005 2426 1127 2489 ducebat
1139 2427 1319 2487 Nicodemus
1401 2451 1402 2458 ¹

182 2509 261 2592 qnod
290 2510 326 2567 de
354 2510 568 2588 regeneratione
597 2515 627 2568 et
649 2505 731 2570 ‘nova
753 2511 811 2570 vile
834 2511 976 2583 audierat,
1007 2509 1074 2590 quia
1093 2507 1319 2590 regenerationis
1401 2529 1402 2586 ᾗ

115 2626 120 2636 ,
181 2589 267 2649 huius
286 2585 388 2646 modus
408 2589 492 2647 altior
510 2595 572 2648 eret
590 2590 650 2648 eius
670 2587 763 2671 eaph'u
790 2587 921 2650 Christus
941 2596 975 2650 ut
993 2588 1133 2650 eiusmodi
1147 2588 1318 2670 scrupulum
1401 2609 1402 2614 ¹

181 2670 221 2730 illi
232 2669 357 2741 eximet
376 2668 406 2725 in
425 2668 483 2726 vite
503 2669 589 2728 etiem
609 2670 751 2750 corporali
769 2669 918 2730 mirificem
928 2667 985 2730 Dei
994 2670 1131 2730 nentem
1142 2674 1256 2728 exstare
1267 2667 1319 2732 do-

182 2755 236 2822 tet,
257 2747 337 2806 cuius
357 2748 430 2806 ratio
450 2749 561 2808 occulta
581 2755 632 2808 est.
676 2747 817 2810 Hauriunt
836 2750 1030 2811 enimomnes
1054 2767 1093 2810 ex
1113 2753 1178 2810 etre
1198 2747 1319 2808 vitalem

182 2827 328 2908 spiritum,
347 2827 407 2908 ipso
427 2828 500 2887 utris
519 2829 633 2909 agitatio
653 2849 738 2890 sensu
756 2829 834 2910 perci
854 2829 924 2890 itur:
944 2829 1021 2890 unde
1039 2836 1137 2889 temen
1158 2827 1320 2909 proveniet,

181 2915 210 2966 el
230 2925 289 2985 quo
309 2905 390 2964 abent
409 2909 558 2970 nescimus.
607 2906 640 2969 si
663 2911 692 2968 in
716 2908 771 2968 heo
795 2852 900 2970 caduco
920 2918 950 2970 et
967 2909 1086 2970 evanida
1106 2908 1165 2970 vile
1184 2913 1245 2966 tum
1265 2927 1319 2987 po-

182 2993 281 3046 tenter¹
294 2987 353 3064 ogit
370 2983 461 3059 Deus,
482 2993 515 3047 ut
533 2989 630 3048 mirari
650 3008 786 3084 cogamur
805 2990 865 3049 eius
884 2992 1032 3064 virtutem,
1052 3009 1139 3068 quam
1159 2986 1319 3046 absurdum
1401 3045 1402 3048 ,

182 3073 234 3141 est,
249 3066 283 3132 ¹in
303 3065 417 3136 coelesti
437 3083 471 3125 ec
490 3069 697 3148 supernatureh
715 3069 775 3128 tila
789 3087 925 3129 arcannm
935 3071 994 3130 eius
1004 3089 1075 3150 opus
1086 3070 1320 3127 mentisnoslrae

181 3144 407 3303 ilidii?
424 3145 672 3305 pgrressppppu
689 3168 748 3288 ‘tt'
762 3143 1320 3306 tlttttlttlttttttttlhd

129 3253 140 3274 S
407 3269 414 3284 ι
466 3267 474 3300 ’
535 3273 542 3286 ο
603 3273 610 3286 ο
1245 3261 1246 3264 ¹
1308 3261 1320 3273 ι

182 3305 325 3375 rectionis¹
336 3305 495 3366 doctrinam
512 3306 578 3368 ideo
598 3249 746 3383 ebiig'uunt,
766 3308 844 3390 quod
863 3308 1037 3389 impossihile
1055 3307 1183 3380 videtur,
1210 3324 1320 3386 corpus

4 3423 5 3430 κ
224 3384 261 3444 od
276 3385 518 3466 ·nuuo'putredini
538 3386 694 3448 obnoxium
713 3393 770 3462 est,
795 3387 844 3448 ubi
868 3389 898 3448 in
918 3387 1065 3468 pulverem
1085 3392 1115 3446 et
1133 3384 1254 3446 nihilum
1274 3403 1319 3442 re-

102 3463 110 3472 “
203 3471 299 3526 aetum
316 3465 416 3540 fuerit,
435 3465 517 3527 beate
535 3465 746 3528 immortalitate
764 3467 857 3543 induri,
876 3466 1044 3528 socordiam
1068 3465 1125 3526 illis
1149 3463 1320 3547 exprobrat,

183 3545 261 3626 quod
280 3546 310 3605 in
331 3565 420 3626 grano
443 3547 529 3607 tritici
548 3569 607 3608 non
626 3548 806 3610 considerent
829 3547 949 3608 similem
967 3547 1024 3606 Dei
1038 3547 1214 3628 potentiam.
1261 3541 1321 3603 Ne·

183 3643 241 3704 que
260 3626 336 3686 enim
355 3627 494 3708 germinat
512 3647 621 3701 semen,
651 3628 742 3688 donee
760 3628 950 3708 putrefactum
970 3625 1065 3686 fuerit.
1105 3625 1185 3686 Haec
1203 3625 1260 3685 illu·
1274 3629 1322 3683 cst
1401 3653 1402 3668 π

183 3705 353 3764 admirabilis
373 3708 509 3788 supientia
529 3707 565 3766 de
584 3724 641 3786 qua
661 3707 801 3768 exclamat
818 3705 915 3767 David
936 3705 997 3785 (Ps.
1018 3707 1086 3780 104,
1106 3705 1178 3784 24).
1225 3703 1321 3764 Nimis
1401 3735 1402 3762 r

183 3801 251 3862 ergo
271 3785 376 3866 stupidi
395 3793 476 3860 sunt,
506 3787 555 3866 qui
580 3786 724 3845 communi
743 3793 859 3846 neonae
878 3786 978 3847 urdine
997 3787 1135 3846 admoniti
1153 3805 1213 3844 non
1233 3784 1322 3843 ultius

183 3870 348 3940 assurgunt,
368 3869 401 3922 ut
419 3863 476 3926 Dei
496 3865 660 3925 muuum'in
679 3865 816 3945 spirituali
837 3864 944 3926 Christi
962 3886 1052 3948 reguo
1073 3865 1157 3946 longe
1176 3865 1322 3946 potentio·

182 3959 244 3998 rem
263 3949 425 4020 agnoscant
465 3943 733 4024 eremumque
752 3945 848 4005 mirari
867 3953 946 4008 vetet
966 3945 1112 4019 Christus,
1132 3963 1192 4005 non
1212 3945 1255 4004 ita
1275 3962 1322 4002 ao
1401 3987 1402 3992 η

184 4019 278 4098 cipere
297 4023 439 4096 convenit,
459 4025 539 4103 quasi
559 4023 672 4102 sordere
691 4022 772 4084 nobis
792 4027 862 4086 velit
880 4033 940 4086 tem
958 4025 1137 4107 praeclarum
1156 4023 1216 4084 Dei
1235 4041 1324 4105 opus,
1401 4045 1402 4050 ¹

184 4105 219 4157 ut·
234 4097 313 4177 quod
331 4101 484 4181 praecipua
504 4103 687 4164 admiratione
700 4103 817 4186 dignum
826 4113 882 4165 est:
903 4104 954 4166 sed
968 4105 1155 4166 admiratione
1164 4123 1219 4164 nos
1230 4104 1325 4164 teneri

183 4197 242 4236 non
261 4177 339 4250 vult,
359 4197 433 4257 qrroe
451 4180 536 4242 lidenr
555 4187 682 4242 nostram
701 4183 844 4266 impediat.
874 4183 959 4246 tlulu
978 4186 1055 4244 enim
1072 4191 1217 4266 respuunt
1238 4183 1326 4266 qussi
1401 4201 1402 4214 ¹

184 4255 354 4332 lnbulosunn
374 4257 452 4337 quod
470 4262 553 4322 nimis
571 4261 691 4322 ardurmr
710 4283 745 4326 uo
769 4263 884 4326 dillicile
908 4270 1020 4346 putent
1066 4260 1099 4324 ln
1125 4283 1255 4339 summe,
1286 4283 1327 4322 nu

183 4335 343 4396 dubitemus
363 4334 471 4416 Spiritu
490 4339 546 4401 Dei
565 4361 618 4402 nos
638 4342 737 4424 relingi
756 4361 791 4404 ec
814 4343 876 4405 fieri
899 4363 992 4406 novos
1016 4343 1162 4420 homines,
1187 4344 1326 4424 quemvis
1398 4329 1402 4364 d

184 4415 284 4495 egendi
301 4416 405 4476 modus
424 4437 479 4478 nos
497 4419 590 4481 lateat
