2700 4844
502 203 631 270 cattle
648 203 773 270 XXVII.
977 200 982 216 '
1142 207 1203 274 475
1310 245 1313 254 ·

77 325 191 408 potitur.
234 323 272 385 El
297 325 358 406 ipsu
375 323 527 386 moessitas
550 323 609 384 buc
631 343 699 384 eum
720 337 813 405 prope
836 336 872 383 co
906 320 969 384 bule
1007 327 1108 408 portus
1126 325 1201 386 cuim

79 406 115 466 ad
134 405 340 466 hibernandum
359 411 420 468 nst
437 400 644 466 incommodus.
663 339 1135 486 Nccvuusuadcbatgubernatun
1153 423 1203 466 na·

78 505 145 548 rem
162 487 194 546 in
212 486 302 546 altum
322 485 435 567 profici,
454 485 504 548 sed
523 490 556 544 ut
574 483 605 544 in
623 485 748 544 vicinum
766 487 883 566 portum
902 503 934 543 sc
953 483 1129 561 conferrent,
1153 482 1204 564 qui

79 585 131 646 pro
152 583 169 624 e
192 567 223 626 iu
248 563 337 625 oculis
361 571 431 625 erat.
469 563 512 624 lle
530 563 610 625 brevi
629 563 760 624 molestia
777 562 966 624 redimebatur
985 563 1084 624 hiemis
1103 565 1203 624 bansi-

79 663 132 724 gen
169 643 402 706 ecommoditas.
441 641 541 724 Neque
557 651 655 704 mosen
674 643 730 704 boc
748 642 853 704 frustra
872 643 958 704 relert
977 642 1082 716 Lucas,
1102 644 1153 704 sed
1171 649 1206 704 ut

79 726 216 799 sciemus,
234 724 357 786 Paulum
375 725 433 786 iam
452 743 468 784 a
506 725 586 786 initio
604 725 774 784 instructum
792 723 880 787 luisse
897 726 1054 805 praesentia
1074 723 1207 804 Spiritus,

79 804 232 864 ulmellos
250 803 360 864 rideret
378 823 451 884 quae
469 825 490 864 u
503 805 549 864 'lia
568 811 663 878 erant,
692 821 780 884 ([ιιιιιι
798 805 922 890 magistri
943 806 1003 886 ipsi.
1044 801 1207 870 Oraculone

79 882 208 956 edoctus,
227 903 264 944 an
283 883 393 944 occulta
411 885 594 964 inspiratione
613 883 763 944 consilium
781 883 837 944 boc
856 884 972 958 dederit,
992 885 1124 944 nescitur.
1145 882 1208 942 lloo

120 963 477 1039 inmoenumeruaoeias
487 964 1006 1046 commendationempoetesraloisse.
1017 963 1209 1043 Purroquum

80 982 155 1122 dllcat
175 1045 219 1121 (r.
239 1050 311 1120 lib),
329 1043 431 1126 legisse
440 1041 584 1106 Gmticum
602 1043 679 1119 litus,
698 1044 789 1105 donec
807 1045 837 1106 in
856 1044 995 1106 diversam
1007 1050 1119 1125 purtem
1134 1042 1209 1123 rupti

80 1129 163 1198 sunt,
178 1125 256 1216 5iuro
278 1125 353 1186 Beca
381 1129 479 1184 noster
501 1123 675 1220 intepretum
699 1123 946 1222 ballucipalionem
975 1123 1155 1206 reprehendit
1179 1121 1210 1182 in

80 1203 992 1367 *⁰⁰⁰ututffittildttfltllulttt„
1007 1289 1113 1360 ant,
1133 1281 1211 1362 qun

81 1361 156 1424 solet
169 1363 200 1422 in
213 1370 341 1425 extremo
356 1364 529 1440 discrimine,
547 1371 581 1425 ul
594 1384 625 1425 se
638 1365 731 1425 ventis
744 1363 874 1426 terendos
887 1367 1092 1446 permitterent.
1112 1363 1212 1442 Quum
1296 1401 1301 1418 .

80 1441 161 1526 prius
189 1441 367 1522 aliquatenus
395 1445 536 1526 progressi
555 1443 609 1505 sibi
636 1464 675 1505 ex
698 1445 783 1504 animi
806 1451 876 1506 voto
900 1445 1052 1506 succedere
1078 1447 1213 1528 putarent

81 1527 201 1593 neniae,
220 1541 279 1581 non
300 1522 416 1582 dubium
435 1531 493 1600 est,
523 1525 592 1605 qula
611 1520 694 1582 Pauli
712 1525 897 1585 monitionem
917 1525 1078 1598 domuerint,
1097 1531 1131 1583 ut
1149 1537 1213 1580 mos

81 1609 128 1662 est
152 1603 306 1661 suenonis
329 1602 526 1680 hominibus„
553 1603 643 1662 nolles
664 1603 769 1662 arridet
783 1604 912 1679 fortuna,
931 1605 1108 1666 insolescere.
1128 1600 1214 1664 Nunc

82 1683 120 1742 de
140 1677 252 1740 rebensi
274 1682 358 1742 niruie
376 1701 469 1746 serem
487 1702 525 1744 uu
562 1682 621 1744 ciue
640 1701 708 1742 suae
725 1701 848 1763 poenum
866 1677 962 1746 loudts
985 1686 1044 1744 imo
1063 1703 1153 1764 prope
1173 1683 1214 1742 in·

82 1701 307 1900 eussnqppulsi
325 1781 386 1858 non
403 1761 569 1904 mfflmffifjibi
588 1767 719 1902 petasum
737 1761 773 1822 ab
786 1763 1081 1901 ‘impactionepqnaLm
1099 1763 1179 1898 ppius
1197 1780 1216 1821 a

84 1859 457 2002 utilitatium,
482 1860 699 1983 nt‘lta
717 1859 1217 2002 ttttvufflidttntlntt

84 2002 268 2082 pertinaciter
288 2001 413 2077 durasse,
432 2011 465 2062 ut
484 2002 604 2062 subinde
622 2021 716 2062 novae
734 2008 843 2072 mortes
857 2003 1002 2062 instarent.
1022 2000 1116 2062 Sbnnl
1131 2001 1216 2062 atium
1338 1999 1345 2018 ¹

87 2081 227 2157 declarat,
252 2087 368 2142 aucune
386 2101 455 2142 usos
473 2081 561 2142 inisse
580 2081 711 2143 omnibus
730 2081 875 2156 remediis,
899 2101 973 2160 qnae
992 2074 1139 2162 nunbagio
1156 2097 1224 2140 me·

86 2161 147 2256 deri
165 2167 291 2257 possent,
310 2180 369 2258 uec
383 2161 525 2258 mercibus
544 2162 591 2222 vel
610 2162 791 2256 amenopolis
809 2163 997 2300 perpercisse:
1018 2161 1094 2220 unde
1112 2179 1216 2240 cogno

85 2240 773 2393 ldtwbttt'titlattnttllt
792 2238 1152 2400 ustulatam?
1172 2259 1221 2378 ti·

89 2405 166 2459 certe
184 2399 274 2480 caligo
294 2400 367 2461 coeli
387 2401 534 2460 cuiusdam
552 2401 674 2482 sepulcri
693 2401 783 2460 instar
801 2405 874 2460 mut:
894 2419 947 2460 uec
966 2399 1082 2462 dubium
1092 2405 1136 2459 est
1150 2398 1221 2478 quia

88 2477 232 2539 Dominus
256 2479 313 2539 buc
336 2481 425 2540 modo
446 2480 619 2540 liberationis
642 2481 776 2560 gratiam,
805 2498 879 2560 quae
903 2479 991 2562 paulo
1014 2485 1081 2560 post
1099 2485 1221 2559 sequuta

88 2563 149 2632 est,
170 2558 261 2638 magb
280 2561 480 2620 commendere
499 2579 534 2620 ae
551 2560 707 2620 notabilem
725 2558 844 2620 reddere
862 2561 993 2622 voluerit.
1031 2559 1143 2618 lnterea
1162 2577 1219 2618 ser·

88 2655 160 2698 rum
179 2657 263 2697 saum
281 2657 349 2699 cum
366 2640 429 2700 aliis
448 2639 577 2701 laborare
596 2659 696 2722 passus
714 2647 767 2712 est,
786 2639 879 2702 donec
897 2661 928 2702 se
946 2646 1059 2722 putaret
1073 2639 1158 2698 morti
1172 2637 1221 2698 sd·

88 2716 205 2778 dictum⁴
249 2715 316 2778 Non
344 2721 421 2780 enim
451 2727 517 2798 ante
544 2721 585 2782 illi
610 2741 662 2802 per
685 2720 818 2803 angelum
843 2723 990 2803 apparuit,
1019 2741 1106 2806 mam
1132 2719 1222 2778 viden

89 2803 188 2879 posset
213 2796 248 2858 de
273 2799 334 2858 eius
358 2800 419 2860 vita
443 2807 547 2869 actum
568 2821 646 2864 esser
676 2821 765 2882 quare
787 2823 847 2876 non
870 2802 959 2864 mmo
982 2803 1119 2862 iactatum
1147 2799 1222 2858 iuter

88 2876 230 2958 procellas
247 2877 303 2938 luit
312 2879 373 2940 eius
383 2899 497 2962 corpus,
518 2881 568 2942 sed
578 2883 672 2942 anima
685 2901 801 2962 quoque
812 2875 928 2944 duriset
941 2882 1072 2944 violentis
1086 2881 1219 2942 tenuan-

89 2958 174 3018 uibus
199 2957 254 3018 luit
277 2977 425 3020 concussa.
468 2959 597 3027 Euentus
619 2968 715 3022 umen
739 2963 960 3040 ipsamasole,
987 2961 1045 3024 lide
1065 2959 1244 3020 substitisse'

88 3056 129 3100 ne
152 3036 315 3096 ubmoere.
359 3037 451 3098 Lucas
476 3040 592 3117 qdidem
610 3060 670 3099 non
688 3039 775 3098 refert
792 3041 863 3098 cius.
893 3060 987 3113 neces,
1015 3040 1067 3100 scd
1086 3041 1153 3117 quia
1171 3059 1222 3119 pc

91 3121 153 3174 stes
172 3117 234 3195 ipsc
253 3118 362 3192 recitet,
381 3117 513 3198 angelum
532 3117 598 3194 Dei,
617 3119 664 3178 cui
683 3118 831 3190 onustat,
848 3062 902 3178 sibi
913 3119 1008 3180 luisse
1026 3121 1135 3192 visum,
1154 3137 1232 3200 pro-'

26 3211 29 3217 ·
91 3193 185 3255 babile
201 3201 248 3254 est
267 3195 336 3255 dum
356 3196 403 3256 ulii
421 3197 503 3256 coelo
522 3204 551 3257 et
570 3204 662 3257 terrae
681 3196 895 3270 maledicebant,
914 3217 979 3258 suas
998 3217 1097 3279 preces
1109 3219 1224 3260 sursum

92 3274 237 3356 euenor,
256 3280 286 3334 el
304 3277 345 3336 ita
405 3275 492 3336 'dum
510 3277 606 3353 luisse,
625 3285 655 3337 et
674 3279 834 3357 composito
853 3280 948 3338 animo
967 3286 1144 3360 exspectasse
1155 3279 1225 3359 quid
1246 3300 1250 3309 “

92 3353 159 3424 Deo
184 3355 317 3437 placeret.
395 3356 451 3416 uod
475 3363 572 3418 autem
591 3357 659 3418 dicit
676 3357 804 3418 ablatum
821 3357 909 3419 inisse
928 3378 1008 3440 spem
1028 3357 1140 3434 salutis,
1164 3379 1224 3420 uon

93 3434 179 3496 delict
201 3434 300 3498 referri
323 3435 361 3495 ad
385 3435 447 3496 eius
471 3455 600 3512 mosum,
628 3438 679 3498 sed
703 3443 814 3501 unium
833 3439 870 3498 ad
888 3438 1013 3500 bumana
1031 3440 1137 3513 medis,
1167 3441 1225 3504 ucsi

93 3514 221 3592 dixisset,
239 3516 279 3576 ita
297 3534 342 3600 tes
360 3514 449 3601 luisse
467 3517 614 3594 confflem,
632 3525 666 3580 ul
682 3517 849 3580 humanitus
867 3519 947 3580 uulla
965 3519 1041 3582 salus
1059 3525 1186 3584 munet
1305 3601 1309 3614 ι

183 3727 238 3827 bl.
260 3759 371 3847 Quum
394 3772 501 3833 auum
522 3761 753 3832 multa'iuisset
773 3763 886 3848 inedie,
907 3773 984 3832 tune
1005 3775 1091 3832 stans
1109 3764 1227 3834 Paulus

95 3863 129 3933 in
161 3865 267 3934 medio
301 3891 413 3946 eorum
436 3869 736 3964 dixit,'0portebat
764 3871 906 3962 quidem,
940 3895 961 3937 o
983 3870 1054 3956 viri,
1075 3871 1153 3938 mihi
1176 3871 1228 3940 ob

97 3973 319 4062 temperando,
337 3999 403 4044 nou
437 3977 560 4064 soluere
593 4002 612 4045 a
640 3976 749 4060 Creta,
781 4001 840 4050 uec
871 3999 1029 4048 accersere
1061 3977 1153 4045 nobis
1175 3973 1228 4046 in·
1310 4041 1314 4046 .

96 4076 210 4171 iuriam
229 4078 314 4148 'hanc
335 4093 368 4150 et
388 4085 546 4152 iacturam.
570 4085 623 4151 22.
644 4083 687 4150 Et
709 4107 793 4152 nunc
814 4084 934 4168 hortor,
956 4094 992 4151 ut
1013 4084 1099 4152 Ιιοιιο
1121 4085 1227 4152 animo

98 4183 174 4252 sitis,
225 4185 348 4254 'lactma
375 4189 459 4256 onim
485 4189 606 4260 animae
633 4190 718 4258 nulla
747 4191 805 4260 erit
826 4215 868 4259 ox
890 4189 995 4274 vobis,
1027 4191 1083 4259 sed
1104 4175 1227 4258 tanbrm

70 4317 76 4328 ·
98 4293 197 4384 nano.
235 4281 306 4372 23.
333 4291 439 4390 Αιιὶιῐι
466 4297 552 4390 enin
572 4297 650 4368 nubi
671 4296 731 4388 tac
752 4307 846 4388 nocte
867 4296 1007 4390 caelus
1027 4297 1120 4386 Dat
1137 4297 1227 4388 opos
