2786 4866
163 209 204 278 al
336 196 342 214 ‘
575 201 616 264 IN
634 199 741 266 suls
761 197 898 264 APOST.

163 323 306 386 imment.
344 318 447 400 Quom
467 318 565 380 dicam
582 337 645 380 esse
663 325 765 380 notum
785 315 929 392 omnbus,
959 315 1112 382 ostatdunt
1135 341 1169 384 se
1188 331 1296 406 prado,

163 407 218 466 rito
237 401 304 462 Deo
323 401 401 461 solos
420 400 550 460 hemines
564 401 722 482 respicere:
771 395 846 458 Nam
875 394 996 458 leuctra
1018 398 1205 464 commeo
1229 423 1296 487 pro.

162 485 243 559 dant,
263 481 341 563 quod
360 481 538 562 tergiversari
557 499 615 540 nou
634 479 820 556 dubitassent,
839 477 941 558 siquis
956 477 1296 562 luissetuegandieolor.

162 563 263 644 Quum
282 579 353 621 vero
371 563 559 642 interrogant,
579 559 649 640 qaid
667 559 770 619 facturi
790 559 861 634 sint,
881 555 1051 618 obstinatam
1065 563 1205 624 malitiam
1226 587 1295 647 pm.

162 645 242 705 dunt.
283 641 348 704 Deo
367 642 443 701 enim
462 639 619 705 cedendum
638 645 708 713 erat
727 639 784 700 nisi
801 656 851 698 eos
870 635 1025 698 d'abolicm
1043 640 1120 702 luror
1137 645 1196 704 alio
1216 645 1295 706 abri-

230 730 249 782 t.
299 720 355 782 Hie
373 721 497 802 Spiritus
520 721 667 801 vertigluis
695 727 726 779 et
753 718 893 792 insaniae,
921 737 981 798 quo
1002 717 1082 781 Deae
1105 721 1199 784 bootes
1219 743 1293 786 euos

160 803 289 865 enebriat.
328 801 379 862 Sic
398 821 488 881 quum
508 800 596 882 paulo
614 806 681 881 poet
699 818 782 858 mn
801 817 833 858 se
848 815 937 920 im
955 798 1072 880 adipisci
1089 801 1233 864 corutum
1251 825 1292 866 ne

161 885 273 966 longius
292 881 497 964 carpatium,
527 879 597 961 quid
620 881 710 960 magis
733 879 860 940 btuum.
900 875 975 938 Nam
995 879 1045 940 ubi
1064 887 1292 964 compescuerint

107 978 112 988 ’
160 965 233 1025 dnos
253 963 468 1036 homunciones,
487 979 523 1020 aa
543 960 664 1020 metatu
681 960 738 1019 crit
755 957 812 1018 Dei
830 957 996 1018 brachium?

240 1043 288 1106 17.
308 1044 463 1104 Mmuudu
479 1049 631 1102 minentur.
660 1039 736 1099 Hinc
754 1044 872 1120 apptati
890 1055 978 1120 quam
996 1039 1113 1102 exitiale
1131 1041 1240 1103 melum
1259 1045 1299 1104 stt

160 1131 292 1206 potestas
308 1125 369 1184 sine
389 1120 445 1181 Dei
464 1123 574 1181 miore.
619 1117 693 1180 Nam
712 1118 762 1179 nbi
781 1135 840 1179 nou
859 1126 958 1199 regnat
977 1135 1010 1180 ea
1030 1137 1107 1200 quae
1127 1121 1212 1182 debet
1231 1124 1296 1182 reli·

160 1225 217 1364 So,
247 1223 306 1285 quo
335 1202 505 1262 sanctiorem
530 1201 651 1281 quisque
674 1200 771 1260 mum
796 1215 868 1259 occu
959 1215 996 1259 eo
1019 1201 1156 1261 audacius
1180 1203 1297 1262 insanit.

175 1304 231 1384 ,uo
251 1284 341 1382 magis
361 1281 651 1378 semper-carendum
675 1287 734 1356 est,
762 1297 799 1340 ue
823 1297 860 1339 cv
895 1241 978 1340 mitur
995 1279 1117 1361 improbi
1136 1280 1174 1341 ad
1192 1279 1295 1342 Eeclc·

160 1359 652 1524 ffimiffiinpi'rfnf‘ffl
666 1359 1024 1500 miiitiae.
1050 1441 1087 1500 aa
1114 1367 1291 1501 minii]

159 1523 274 1604 Quodsi
292 1523 402 1584 bonore
421 1541 475 1582 suo
494 1521 573 1582 abuti
592 1539 642 1582 eos
662 1521 816 1601 contingat,
834 1518 952 1580 ibivcro
965 1527 1098 1602 muqaam
1116 1521 1147 1580 iu
1166 1521 1287 1602 speculo

159 1606 335 1666 demonstrat
353 1601 487 1684 Spiritus,
516 1620 603 1682 quam
622 1619 676 1682 pro
695 1601 785 1660 nihilo
796 1599 966 1662 ducendam
980 1602 1019 1660 sit
1037 1600 1172 1681 rmicquid
1189 1601 1288 1661 dmar-

158 1691 231 1746 mmt
251 1691 281 1744 et
299 1682 405 1743 iubent.
446 1682 539 1742 Certis
579 1682 724 1742 raesertim
742 1679 1292 1740 linibusmutiueturl‘astommaucto·

157 1767 235 1840 ritas,
254 1763 329 1824 ultra
349 1781 422 1844 quos
441 1782 546 1844 pregre
565 1763 575 1821 i
593 1761 648 1820 illis
668 1760 711 1821 ias
730 1779 791 1820 non
810 1767 862 1820 est.
906 1759 996 1839 Quod
1015 1762 1039 1820 si
1057 1757 1191 1835 audeaut,
1208 1758 1293 1819 uobis

157 1845 201 1906 ias
220 1851 265 1904 est
283 1843 452 1923 obsequium
470 1843 526 1902 illis
544 1859 661 1937 negare,
686 1841 764 1922 qaod
782 1843 927 1924 praestare
944 1858 1090 1902 summam
1108 1846 1186 1901 esset
1203 1838 1292 1916 umas,

158 1923 399 2006 quemadmodum
418 1942 494 1983 nuuc
512 1928 650 2004 sequitur.

215 2159 219 2170 .
247 2100 299 2180 19.
321 2097 434 2167 Pctms
455 2107 564 2166 autem
586 2106 618 2165 st
633 2094 768 2164 loannes
788 2095 1017 2187 respondentes
1038 2093 1110 2180 illis,
1131 2095 1289 2164 dixerunt:

159 2207 208 2274 An
236 2205 365 2274 iustum
384 2204 424 2271 sit
452 2228 559 2272 coram
580 2201 668 2288 Deo,
700 2226 760 2270 vos
787 2201 894 2294 potius
924 2203 1033 2270 audire
1055 2226 1150 2293 quam
1171 2201 1288 2284 Deum,

156 2312 299 2382 iudicate.
344 2311 398 2378 20.
432 2309 502 2378 Nos
532 2308 617 2378 enim
639 2331 706 2378 neu
727 2331 899 2402 possumus
915 2331 1012 2402 qaae.
1026 2310 1163 2378 vidimus
1184 2303 1286 2376 etau-

121 2465 125 2476 =
156 2417 307 2502 divimus,
334 2441 400 2484 non
427 2415 525 2508 loqui.
570 2417 623 2482 21.
657 2414 704 2480 llli
726 2426 833 2484 autem
855 2416 966 2485 additis
988 2417 1084 2484 munic
1107 2400 1291 2484 diruiscmnt

156 2527 222 2608 eos,
244 2521 321 2590 nibil
343 2522 539 2592 invenientes
556 2544 612 2589 cur
628 2522 777 2612 punirent
793 2546 859 2606 ees,
880 2534 1009 2616 propter
1023 2523 1194 2620 populum:
1217 2521 1291 2614 quia

155 2652 268 2698 omues
289 2627 501 2720 glorificabant
522 2625 630 2694 Deum
652 2651 752 2720 super
771 2653 812 2698 co
835 2630 922 2722 quod
944 2630 1105 2699 acciderat.
1149 2632 1202 2697 22.
1225 2628 1292 2695 An-

135 2758 270 2802 ·nomm
295 2733 381 2802 enim
402 2733 475 2825 plus
498 2757 594 2828 quam
618 2735 820 2826 quadraginin
843 2747 909 2806 erat
930 2736 1043 2820 bomo,
1067 2737 1102 2802 in
1131 2760 1196 2828 quo
1224 2733 1290 2803 edi-

153 2851 223 2908 tum
245 2839 348 2908 fuerat
368 2839 494 2932 signum
516 2841 695 2910 sanationis.
727 2843 780 2912 23.
803 2841 903 2912 Porro
925 2842 970 2912 illi
991 2841 1106 2912 dimissi
1128 2849 1286 2910 venerunt

153 2945 193 3022 ad
215 2968 302 3029 suos,
324 2956 356 3016 et
378 2947 601 3016 annuntiarunt
623 2971 831 3042 quaecunque
854 2950 915 3020 illis
937 2949 1120 3020 Sacerdotes
1142 2958 1177 3016 et
1195 2945 1289 3014 Pecs

85 3056 90 3069 ¹
153 3052 255 3146 tyberi
276 3053 430 3122 dixerant.

232 3201 280 3264 lli.
320 3203 372 3260 An
400 3208 510 3262 mam
534 3212 583 3263 stt.
628 3201 841 3264 Meminerimus
870 3201 973 3284 quibus
1003 3201 1060 3262 heic
1088 3198 1291 3281 respondeant.
1383 3239 1384 3246 .

152 3279 235 3342 Nam*
256 3299 405 3340 consessus
435 3281 550 3361 quidem
575 3283 621 3342 ille
646 3281 802 3344 Ecclesiam
827 3281 1070 3366 repraesentabat:
1101 3283 1169 3360 quia
1194 3285 1293 3340 tamen
1383 3283 1384 3311 ¹

152 3363 214 3426 iure
238 3381 290 3420 suo
317 3359 487 3435 aboluerint,
517 3362 572 3422 illis
603 3361 791 3423 obediendum
820 3383 882 3423 esse
912 3383 948 3422 ne
968 3367 1018 3422 ant
1036 3359 1172 3442 Apostoli
1202 3365 1291 3438 alque

153 3449 184 3502 ut
214 3443 244 3500 iu
269 3459 354 3499 causa
378 3439 495 3500 minime
519 3441 604 3501 dubia
629 3441 691 3501 ficri
715 3443 803 3517 solet,
832 3443 908 3524 parti
927 3383 1064 3503 affueram
1084 3441 1221 3500 iudicium
1239 3459 1291 3497 ex-

151 3520 306 3602 probrandi
336 3539 421 3580 causa
450 3524 628 3602 permittunt.
667 3521 758 3586 Poma
788 3522 846 3582 hoc
874 3541 978 3602 opeme
1006 3521 1132 3602 pretium
1162 3527 1208 3580 ml
1234 3539 1289 3578 ao-

152 3609 228 3674 lare,
258 3599 336 3680 quod
356 3599 413 3660 Dei
433 3603 633 3660 auctoritatem
662 3620 762 3661 eorum
791 3603 910 3663 decretis
934 3609 1098 3684 opponunt,
1138 3598 1218 3679 quod
1246 3599 1292 3656 iu-

152 3681 321 3760 tempeslivc
340 3679 421 3738 lieret
445 3681 499 3738 nisi
518 3679 583 3740 Deo
608 3681 720 3740 adversi
744 3689 851 3758 essent,
881 3683 931 3763 qui
955 3689 1057 3740 'tanton
1082 3679 1152 3740 alias
1177 3679 1294 3738 emlinu-

151 3759 185 3818 rii
206 3765 288 3819 erant
307 3759 441 3828 ccclesiae
460 3763 596 3840 pastores,
637 3758 706 3820 Plus
726 3763 814 3822 eliam
833 3764 997 3844 exprimunt
1016 3759 1166 3842 Apostoli:
1179 3777 1295 3837 mempe

152 3839 354 3912 obedientiam,
384 3847 460 3920 quac*
486 3840 568 3899 ruralis
598 3845 628 3899 ct
657 3841 750 3900 infidis
781 3842 940 3924 pastoribus
971 3841 1112 3911 defertur,
1142 3843 1296 3918 uteunque

151 3921 309 3999 legitimum
330 3919 609 4000 eccle'siaaregimen
630 3919 788 3998 obtineant,
818 3941 881 3982 esse
899 3919 965 3982 Deo
985 3921 1166 3980 contrariam.
1209 3917 1296 3976 llanc

152 4002 347 4078 quaestionem
378 3999 471 4079 lepide
494 4000 611 4059 dirimit·
620 3999 713 4080 Papa,
744 4003 810 4082 quia
856 4021 1025 4081 uaecauquc
1054 3999 1095 4059 illi
1121 3999 1236 4077 effutire
1259 3997 1295 4056 li·

140 4077 228 4160 buit,
259 4077 354 4135 diviua
380 4080 494 4138 oracula
520 4097 582 4139 csse
605 4083 777 4162 pmuunlial.
821 4021 893 4142 dioc
911 4081 997 4141 modo
1018 4079 1228 4154 sublatum-est
1248 4097 1295 4137 m·

151 4154 1207 4314 ueritatem·...tsteleltmtll‘tmm
1225 4177 1298 4296 m

152 4312 206 4368 mis
226 4322 294 4388 ergo
314 4313 423 4386 puerile
442 4325 646 4394 augumentum
665 4325 723 4396 est,
747 4339 806 4382 non
848 4339 912 4381 osse
931 4341 983 4380 eos
1001 4320 1056 4380 nisi
1075 4338 1113 4379 cx
1133 4317 1196 4378 Dei
1211 4333 1294 4376 mau-

152 4389 223 4448 flalo
245 4371 413 4470 praecipere.
455 4392 535 4474 Quin
555 4399 651 4483 potius
669 4419 715 4460 res
738 4401 799 4487 ipsa
819 4343 896 4464 dare
915 4400 1051 4477 ostendit,
1080 4405 1152 4460 tunc
1177 4397 1296 4460 uallum
