2742 4856
531 155 851 284 cncr'irr..„
940 217 942 231 ·
1023 221 1028 230 ’
1124 171 1209 284 ase

68 329 364 408 delirastkrpulcunqua
383 325 444 386 elus
464 328 619 406 polentiam
637 333 771 408 reparant
789 326 1059 410 e,eonsilio,cuiue
1070 328 1187 394 alarum

66 411 168 470 hahent
186 407 378 470 testimonium
397 409 426 465 in
445 405 603 487 Scriptura.
643 403 721 486 Quid
741 402 910 470 rationem
931 415 966 469 et
989 397 1057 504 quid
1076 415 1186 484 ¹statue·
1281 456 1284 466 ,

67 493 103 550 rit
121 489 218 558 lacem,
237 487 342 547 centies
363 485 458 566 pelam
477 486 664 547 demordeat:
689 487 763 551 ultra
803 485 916 566 rogredi
935 487 1113 584 meallepium
1132 496 1185 552 est.

66 568 282 646 Hieronymum,
310 571 344 624 ut
368 567 411 624 rui
437 565 621 626 anathematis
645 565 753 628 fulmen
798 573 859 626 ehu
878 573 910 644 et
927 563 1018 629 Paulo
1036 569 1186 648 redigeret,

66 647 255 728 philosophica
282 645 358 704 ratio
372 643 513 724 impulit:
543 646 623 724 quod
647 644 724 726 leges
744 647 925 726 attemperari
944 646 1066 708 debeant
1082 647 1119 707 ad
1137 669 1185 708 eo-

66 747 127 786 rnm
146 723 306 786 facultatem
326 723 429 804 quihus
448 723 583 784 luuntur.
624 722 721 804 Quem
745 732 778 786 ut
802 724 899 788 locum
923 725 1027 786 hahere
1045 725 1137 788 fateor
1155 728 1186 788 in

66 806 171 886 legibus
199 804 344 872 humanis,
373 805 412 862 ita
437 803 530 882 quoad
548 801 605 864 Dei
623 801 728 884 Legem
748 804 842 878 velere
860 825 948 886 nego,
1075 807 1105 868 in
1125 807 1184 868 exi·

66 885 155 964 gunda
172 885 277 946 iustitia
295 903 354 942 non
373 883 485 963 respicit
503 883 572 962 quid
593 883 685 944 valeat
699 883 797 959 hamo,
816 826 1062 964 sedqniddehzh
1087 884 1184 964 Quan-
1313 939 1321 960 ,

67 983 152 1043 quum
179 962 226 1024 hic
254 961 394 1025 difficilior
423 962 545 1022 oceumit
574 965 719 1042 quaestio,
747 964 853 1026 Annon
878 965 907 1024 in
926 964 1004 1024 hunc
1020 963 1110 1040 linem
1129 967 1186 1028 lata

66 1039 242 1118 luerit-Iex,
271 1048 303 1102 ut
331 1041 459 1102 homines
483 1049 596 1122 cogeret
618 1043 655 1104 ad
675 1040 730 1102 Dei
744 1043 818 1118 ,obse
840 1044 931 1104 uiuum
960 1043 1064 1104 hushu
1089 1051 1185 1118 autern

67 1121 123 1184 hoe
140 1121 234 1200 fluet,
258 1123 311 1181 nisi
330 1121 365 1180 ed
385 1140 448 1180 eam
467 1121 634 1192 serrandum
653 1122 784 1204 dirigeret
802 1063 900 1184 fideles
919 1122 1043 1203 Spiritus
1061 1121 1133 1197 Dei,
1157 1131 1186 1186 et

68 1202 228 1282 scrupulum
247 1201 370 1262 eximere
390 1201 500 1264 videtur
519 1201 639 1284 solennis
658 1201 707 1264 illa
726 1199 1016 1277 anteconserantur,
1045 1223 1136 1283 quum
1155 1223 1186 1264 ee

67 1287 215 1362 praecepta
234 1281 342 1342 ludaeis
361 1277 428 1340 dare
448 1281 593 1353 admonet,
621 1301 680 1340 non
699 1300 773 1360 qnae
796 1281 907 1364 legent,
935 1281 985 1344 sed
1005 1302 1080 1362 quae
1099 1304 1117 1344 o
1136 1359 1138 1364 ,
1154 1302 1185 1344 ra

65 1359 904 1520 lldllld‘llttltll,*llditltttlltllt
914 1361 1114 1503 ‘lilith
1132 1381 1186 1502 di

66 1517 188 1580 arbitrio.
225 1518 415 1600 Respondes,
437 1515 541 1612 {sepem
561 1518 670 1585 dnobus
689 1519 781 1581 modis
800 1521 908 1580 censeri
930 1521 1036 1600 iugum.
1077 1517 1184 1598 Quate-
1306 1547 1308 1557 ·

65 1614 118 1658 uus
145 1600 221 1659 enirn
246 1600 341 1660 frenet
364 1599 456 1664 ramis
475 1597 604 1658 hhidiues
622 1605 652 1658 et
670 1619 798 1660 normam
818 1601 904 1660 tradit
921 1600 969 1681 pie
987 1605 1123 1680 recteque
1143 1601 1184 1660 vi·

65 1676 160 1752 rendi,
189 1699 314 1759 ιοφιιιιιι
343 1685 388 1740 est
411 1683 444 1738 ut
467 1676 518 1748 filii
536 1675 592 1738 Dei
617 1678 739 1738 cervices
763 1679 830 1738 hnic
854 1679 921 1757 iuga
945 1666 1105 1752 subiiciunt:
1135 1679 1185 1740 sed

35 1801 37 1806 .
65 1763 201 1834 quatenus
219 1765 319 1820 cuncte
338 1756 502 1841 praescrihit
521 1756 655 1836 quidnam
675 1755 924 1834 debeamnsDeo,
941 1777 998 1824 uec,
1013 1761 1101 1818 uitam
1120 1763 1185 1838 pro-

64 1837 146 1896 mittit
164 1840 219 1900 nisi
239 1839 334 1898 addin
353 1837 514 1898 mnditionc
534 1835 653 1916 perlecti
672 1836 814 1916 abseqrdi,
837 1855 935 1896 rursus
958 1837 1186 1904 maledictionem

65 1915 225 1991 clenentiat,
254 1919 279 1978 si
303 1937 361 1998 qua
385 1919 415 1976 in
439 1923 520 2012 parte
544 1922 668 1980 erratum
693 1916 790 1975 luerit:
819 1915 919 1995 iugum
937 1923 979 1982 est
998 1915 1185 1996 importehile.

63 1991 163 2055 Dicam
182 1999 271 2078 paulo
289 1997 407 2058 clarinus
425 1996 546 2076 sumplex
566 1995 638 2056 hene
657 1995 770 2068 uiuendi
790 1994 931 2067 doctrina,
950 2014 1007 2074 qua
1027 2013 1080 2054 nos
1099 1995 1136 2054 ad
1154 2013 1187 2054 se

63 2071 141 2134 Dens
164 2077 280 2150 invitat,
309 2078 407 2156 iugum
429 2082 474 2136 esl
493 2075 570 2154 quod
589 2076 666 2136 ultro
685 2073 779 2135 suhite
798 2094 852 2134 nos
871 2092 968 2134 omnes
993 2073 1085 2152 decet:
1115 2073 1187 2132 nihil

62 2154 136 2214 euim
160 2159 251 2237 magis
274 2155 442 2229 absurdum,
471 2173 558 2234 quam
576 2153 673 2216 Deum
697 2173 757 2220 nou
802 2172 911 2217 raeesee
935 2152 1083 2216 hominum
1102 2153 1187 2232 vitae,

62 2233 111 2290 eed
134 2253 185 2294 eos
210 2237 317 2316 absque
340 2235 423 2297 heuo
501 2235 542 2294 ari
568 2241 599 2294 ut
617 2233 738 2294 libuerit.
778 2174 894 2294 duntone
912 2251 981 2312 ergo
1000 2233 1187 2295 recusandum

61 2317 104 2370 est
122 2311 206 2394 legis
226 2317 338 2394 iugum,
367 2315 392 2372 si
410 2315 484 2394 simp
495 2332 532 2382 ex
550 2314 611 2374 eins
630 2311 759 2372 doctrim
777 2311 984 2384 consideretur,
1013 2311 1063 2372 sed
1082 2309 1188 2392 Legem

61 2390 159 2467 aliter,
191 2400 224 2452 nt
247 2395 287 2452 ite
307 2393 412 2467 dicam,
441 2391 604 2472 qnalihcaat
622 2394 694 2462 istae
712 2393 880 2466 sententiae,
910 2387 971 2470 Qui
989 2391 1088 2452 lecerit
1106 2389 1188 2466 haec,

62 2471 141 2530 rivet
160 2471 191 2530 in
210 2472 279 2566 ipsis
298 2469 401 2548 (Iuvit.
422 2475 471 2545 18,
489 2475 546 2552 5.):
571 2474 650 2556 item,
669 2470 835 2532 Maledictus
854 2473 955 2543 omnis,
976 2471 1027 2550 qui
1045 2491 1104 2531 uon
1123 2489 1187 2550 per·

59 2551 198 2610 manserit
216 2571 247 2610 ra
267 2550 412 2624 omnihus,
440 2569 521 2633 qrrae'
537 2553 642 2644 ecripla
659 2557 727 2612 sunl
746 2549 844 2630 (Dent
865 2553 914 2626 27,
934 2551 1008 2630 ‘idle
1038 2551 1188 2632 stingum

57 2627 238 2706 importabile
257 2649 319 2694 cese
337 2631 461 2712 incipiat.
501 2629 647 2710 Quamdiu
658 2633 743 2692 'enim
761 2651 828 2702 non,
839 2632 1014 2712 promittitur
1037 2630 1113 2698 salus
1132 2631 1187 2694 uisi

60 2707 205 2785 perlectae
224 2708 308 2790 Legis
327 2711 537 2786 observantiae,
566 2719 596 2772 et
615 2713 644 2772 in
662 2711 799 2772 iudicium
818 2717 939 2784 ¹rotantur
980 2713 1186 2773 uaevlsurrnr·

59 2789 177 2864 gremio,
198 2789 234 2850 de
252 2811 355 2870 genere
372 2790 498 2852 hnmano
518 2809 636 2873 prorsus
656 2797 752 2862 aetum
772 2797 824 2852 est.
863 2732 1029 2852 secundm
1048 2790 1123 2870 hacc
1142 2810 1185 2849 re-

60 2865 165 2926 tionem
186 2867 288 2930 Petrus
307 2872 410 2932 tentari
429 2869 526 2931 Deum
549 2871 664 2944 asserit,
695 2890 785 2950 quum
804 2867 888 2952 legis
911 2891 984 2930 onus
1008 2869 1186 2931 conscientiis

61 2971 514 3112 rr,
559 2948 820 3090 ,laudaut
833 2949 1055 3109 curatur
1071 2949 1187 3094 ιιι

520 3071 529 3102 ,
1048 3073 1055 3088 .

62 3105 127 3182 quia
146 3104 231 3187 Legis
250 3107 378 3170 officium
401 3116 523 3170 estnon
543 3108 706 3188 simpliciter
729 3107 846 3183 doecre,
874 3108 924 3168 scd
947 3110 1034 3168 ctiam
1057 3115 1202 3168 aeternae

61 3186 159 3246 mortis
178 3195 260 3252 reatu
278 3187 427 3248 humilima
445 3187 584 3259 homines,
603 3186 769 3266 qualitatem
787 3187 864 3246 illem
885 3185 1029 3248 doctrinae
1048 3205 1187 3256 annexam

60 3270 204 3342 reputans,
223 3268 367 3328 contendit
387 3287 448 3326 non
466 3267 568 3326 dehere
579 3263 662 3344 Legis
682 3266 924 3346 iugo'constringi
943 3268 1057 3346 piorum
1070 3268 1197 3348 uuimar‚'

61 3341 127 3418 quia
150 3345 207 3408 hoe
230 3347 317 3408 modo
341 3366 456 3406 necesse
475 3346 549 3406 lor-et
567 3345 597 3404 iu
616 3351 762 3406 aeteruum
780 3345 925 3405 interitura
945 3345 1077 3425 demergi.
1117 3344 1188 3404 Cae.

61 3423 153 3486 terum
172 3427 223 3488 uhi
241 3447 301 3486 non
320 3427 406 3488 modo
425 3425 507 3486 adest
524 3424 648 3506 Spiritus
672 3425 762 3484 saneti
782 3425 884 3506 gralia,
914 3445 988 3504 quae
1012 3444 1064 3484 nos
1087 3424 1188 3504 guber·

61 3507 118 3573 net,
137 3507 186 3566 eod
206 3509 326 3588 gratuita
345 3512 527 3588 peccatorum
546 3504 682 3576 remissio,
724 3523 777 3563 uae
790 3523 842 3565 uos
857 3504 982 3564 liberata
993 3504 1189 3570 maledictione

61 3573 142 3659 bath
160 3593 191 3647 el
209 3585 355 3660 absolvat,
378 3593 448 3652 tuac
467 3585 601 3666 impletur
618 3583 690 3644 illud
741 3585 797 3644 osu
817 3581 920 3659 (Dent.
940 3587 993 3657 30,
1013 3585 1089 3662 te),
1109 3581 1187 3644 hien-

62 3657 158 3724 datum
176 3686 237 3727 non
256 3685 318 3726 esee
336 3685 423 3748 supra
442 3683 508 3726 uos:
537 3672 608 3726 tnnc
632 3683 748 3745 qnoque
772 3665 910 3727 sentimus
930 3683 1015 3745 quam
1041 3682 1128 3724 snare
1152 3663 1188 3724 sit

61 3736 156 3820 iugum
176 3745 294 3821 Christi,
313 3753 343 3806 et
361 3765 435 3808 onus
454 3747 515 3805 eine
534 3745 607 3823 leve.
647 3741 723 3822 Quia
743 3744 818 3806 euim
836 3742 892 3806 Dei
910 3744 1086 3823 indulgentia
1105 3741 1187 3803 uobis

62 3823 165 3884 remitti
188 3826 308 3899 scimus,
338 3825 417 3906 qnod
442 3845 495 3906 pro
515 3825 606 3884 carnis
625 3823 790 3884 infirmitate
808 3821 901 3899 deest,
928 3825 1058 3896 alacriter
1077 3829 1107 3882 ct
1126 3823 1187 3881 sino

61 3900 189 3966 molestie
207 3906 376 3985 suscipimus
395 3905 472 3986 qnod
492 3903 621 3983 iniungit.
662 3899 760 3982 Quare
779 3903 866 3965 modo
885 3910 1036 3983 exemptus
1055 3903 1092 3962 sit
1104 3901 1188 3980 Legis

62 3975 151 4056 rigor,
179 4004 238 4046 non
263 3983 416 4046 tolerabilis
440 3985 533 4044 solum
558 3985 612 4044 erit
630 3981 714 4059 Legis
733 3983 875 4056 riechina,
893 3983 955 4047 ‘sed
978 3983 1053 4056 laeta
1073 3999 1188 4062 quoquae

62 4060 91 4112 111
109 4065 216 4124 suavis:
236 4083 291 4124 aee
309 4065 498 4126 recusandum
516 4064 571 4123 erit
588 4063 710 4134 fanum,
730 4063 809 4143 quod
826 4063 936 4144 placido
950 4063 1187 4136 comederetur,

63 4145 118 4196 aon
137 4151 233 4205 anum
254 4143 352 4205 durius
373 4151 456 4224 urget
475 4161 561 4224 qnam
581 4143 722 4222 expediat.

81 4291 87 4304 Ι
139 4225 188 4285 11.
228 4227 291 4286 Per
307 4225 531 4304 protundatur
551 4223 668 4284 Christi.
707 4220 776 4284 Duo
799 4222 854 4282 isla
876 4225 951 4292 inter
973 4243 1006 4284 se
1024 4229 1057 4284 ut
1075 4229 1186 4292 coutra-

64 4309 106 4382 111
125 4309 271 4383 comparat
288 4301 404 4364 Petrus:
435 4321 515 4386 spem
536 4301 639 4362 habm
662 4301 761 4362 salutis
779 4303 810 4361 in
829 4301 934 4366 Christi
954 4305 1056 4384 gratie,
1084 4310 1115 4364 et
1133 4301 1186 4364 suh

65 4387 132 4452 ¹⁰8⁰
155 4377 342 4464 tepescens
370 4401 446 4466 quae
474 4384 659 4465 comparatio,
675 4381 791 4489 lehun·
819 4382 1045 4454 iustificationum
1063 4384 1187 4461 maxime
