2700 4844
514 225 644 290 CAPUT
662 225 748 290 XXI.
1120 239 1181 304 417

42 349 152 408 irenam
177 341 289 407 levibns
313 341 492 425 prisiudstu
517 363 576 406 non
601 343 712 422 laxare,
735 365 773 406 ne
797 365 885 408 coeco
909 349 1018 431 impetu
1042 351 1179 416 adnuens
1281 375 1285 382 ’

41 427 174 488 innoxios
193 442 321 485 mamus.

116 510 185 570 30.·
212 508 422 586 commotoque
449 513 493 564 est
521 513 635 566 motem.
675 503 730 566 liic
759 506 888 566 videmus
918 507 1009 590 plebis
1023 509 1176 585 levitatem,

45 605 118 667 qnae
137 585 261 647 Paulum
285 591 439 664 antequam
459 584 581 646 audierit
604 586 661 644 ianr
689 605 743 668 pro
773 586 910 664 damnato¹
935 585 1037 648 habet.
1088 587 1175 670 Quod

36 667 227 727 tumultuatur
251 665 350 726 civitas
374 665 404 722 in
439 665 554 744 negotio
583 666 705 746 pietalis,
735 665 806 726 nibil
835 668 953 744 mirum,
977 668 1027 728 ssd
1046 667 1103 730 hoc
1122 672 1175 732 aeli

55 749 163 806 erversi
185 752 230 805 est
255 763 289 804 ae
312 745 426 803 insanae
449 747 634 818 temeritatis,
655 744 734 824 quod
759 747 900 827 incognita
925 765 1011 808 cansa
1036 749 1174 813 adversus

34 767 157 886 Ennium
186 825 317 906 insurgit
372 821 445 883 Nam
474 824 506 884 in
537 823 591 883 hac
614 832 734 887 naturae
759 827 942 906 corruptione
965 826 1001 888 ad
1025 831 1174 892 stultitiam
1197 886 1201 909 ,
1228 877 1236 886 ,

37 907 145 964 accedit
165 905 305 986 pravitas,
324 910 357 962 ut
376 903 456 963 nullo
475 905 590 986 negotio
610 913 712 985 sponte
732 905 767 965 ad
786 907 921 967 tuendam
935 907 1040 968 malam
1059 929 1172 974 causam

37 985 171 1058 toliteni,
197 1001 270 1065 quos
295 981 411 1043 difficile
434 989 508 1044 esset
531 984 629 1043 multis
655 983 897 1048 cohortationibus
923 987 958 1046 ad
986 995 1063 1050 rents
1080 1003 1171 1071 *agen*

35 1066 105 1124 dom
125 1083 249 1124 morere
290 1062 399 1122 Acerba
421 1064 535 1142 quidem
555 1069 602 1146 est·
618 1063 690 1124 haec
709 1065 842 1140 conditio,
862 1073 895 1125 nt
914 1085 1071 1148 paucorum
1091 1071 1171 1130 insti·

34 1147 149 1224 gatione
163 1150 252 1202 'totos
276 1141 398 1202 mundus
423 1150 539 1225 repenle
558 1144 588 1202 in
609 1163 663 1203 nos
682 1152 823 1220 armetur,
843 1145 893 1205 sod
936 1147 1029 1208 nando
1049 1150 1089 1208 ita
1109 1147 1170 1210 Do-

32 1219 239 1363 ppippdpiaoet,
265 1221 320 1282 hoo
342 1223 475 1362 mffplo
499 1229 531 1283 et
547 1223 686 1363 pimilibns
710 1243 741 1285 se
760 1226 797 1288 ad
822 1226 915 1306 quosli
955 1227 1091 1290 tilectus
1110 1247 1170 1290 sus⁸
1279 1285 1286 1300 ,

46 1325 75 1363 m
133 1325 165 1364 os
185 1321 307 1384 quisque
325 1321 378 1362 nos
408 1323 457 1363 um
476 1321 547 1386 pare
1048 1323 1056 1338 ·

118 1495 174 1562 31.
218 1491 448 1580 Quaerentibus
476 1493 665 1562 autemillis
693 1519 768 1564 eum
797 1493 954 1580 occidere,
987 1497 1168 1566 nuntiatum

31 1612 81 1669 est
102 1600 247 1668 'lhihuno
277 1597 437 1682 cohortis,
470 1600 559 1688 quod
590 1610 656 1666 tota
672 1619 675 1626 ’
689 1602 873 1669 conturbata
906 1611 991 1670 esset
1022 1601 1169 1672 Hieroso-

29 1707 127 1798 lyma,
172 1706 216 1772 32
259 1705 322 1790 Qui
346 1706 451 1770 statim
478 1704 648 1796 assumptis
675 1705 826 1772 militibus
849 1731 886 1782 ac
911 1707 1167 1792 centurionibus,
1210 1787 1215 1794 ‚

31 1812 169 1880 decurrit
191 1811 231 1878 ad
253 1807 335 1880 iilos.
357 1807 464 1878 Atilii
487 1834 589 1902 quum
610 1810 762 1880 vidissent
783 1811 961 1882 Tribunum
983 1823 1016 1880 et
1042 1813 1168 1897 milites,-

31 1927 238 1986 cessnvcrunt
259 1928 422 2008 percutere
444 1916 589 1984 Paulum.
633 1918 686 1984 33.
720 1917 814 1986 'lime
835 1917 987 1986 secedens
1009 1917 1169 1988 Tribunus
1204 1935 1208 1942 '

29 2023 240 2116 apprehendit
262 2047 346 2108 eum,
369 2034 401 2092 et
421 2023 513 2091 iussit
534 2023 650 2114 alligari
672 2024 789 2092 catenis
812 2023 943 2108 duabus,
976 2033 1008 2091 et
1040 2024 1169 2092 interro·

28 2131 125 2224 gavit,
148 2131 294 2222 quisnam
315 2140 408 2213 esset,
431 2129 560 2222 etquid
583 2129 715 2198 fecisset.
737 2123 791 2198 34.
802 2129 863 2198 Alii
886 2141 990 2198 autem
1013 2129 1096 2198 aliud
1112 2131 1170 2200 ola·

27 2239 160 2304 mebant
181 2238 213 2304 in
235 2237 336 2304 turbs.
380 2235 423 2302 Et
445 2259 546 2326 quum
567 2258 634 2304 non
656 2247 766 2327 posset
787 2235 908 2304 certum
930 2238 1077 2329 cognosci
1094 2262 1169 2332 prae

27 2342 185 2424 tumultu,
212 2342 303 2409 iussit
325 2365 398 2409 eum
421 2343 493 2410 duci
520 2343 553 2407 in
577 2351 685 2410 castra.
732 2343 787 2410 35.
810 2341 920 2428 Quum
942 2353 1048 2412 autem
1068 2345 1169 2413 venis·

29 2461 81 2519 set
104 2449 144 2516 ad
166 2449 289 2540 gradus,
311 2447 441 2540 contigit
462 2458 499 2516 ut
521 2457 699 2540 portaretur
720 2472 739 2516 a
760 2447 924 2532 militibus,
950 2459 1081 2544 propter
1103 2452 1167 2520 vio

28 2555 165 2622 lentiam
197 2555 316 2622 turbae.
350 2553 403 2620 36.
426 2553 626 2646 Sequebatur
658 2555 744 2624 enim
777 2555 948 2623 multitudo
974 2555 1084 2648 populi
1111 2557 1168 2626 cla·

26 2682 140 2734 mans,
178 2657 272 2727 'l'olle
295 2684 377 2727 enm.
423 2661 476 2728 37.
509 2659 552 2728 Et
577 2685 677 2754 quum
699 2663 857 2754 coepisset
877 2661 983 2731 induci
992 2663 1036 2731 ‘in
1059 2670 1168 2749 castra,

26 2765 149 2834 Paulus
177 2764 251 2832 dicit
280 2765 438 2850 Tribuno,
471 2765 602 2836 Licetne
630 2768 707 2838 mihi
733 2768 823 2860 loqui
850 2767 890 2836 ad
917 2769 970 2837 te?
1002 2771 1057 2862 qui
1079 2769 1168 2856 dixit,

26 2875 150 2941 Graece
172 2873 280 2941 nosti?
314 2874 367 2940 38.
389 2874 506 2943 Nonne
527 2886 564 2942 tu
586 2875 637 2942 ille
660 2899 694 2942 es
716 2875 907 2967 Aegyptius,
934 2878 989 2966 qui
1011 2889 1083 2946 ante
1105 2878 1167 2946 hos

26 2981 97 3048 dies
120 2979 291 3046 tumultum
314 2980 476 3047 concitasti
498 2992 531 3047 et
551 2981 702 3050 induxisti
723 2980 756 3047 in
774 2981 933 3048 desertum
950 2993 1086 3072 quatuor
1101 2985 1167 3054 mit.

25 3087 68 3154 lia
92 3085 234 3152 virorum
256 3085 459 3154 sicariorum?
492 3086 545 3153 39.
564 3085 654 3154 Dixit
675 3097 782 3154 autem
803 3085 931 3168 Paulus,
951 3085 1021 3177 Ego
1039 3087 1166 3178 quidem

25 3183 227 3260 homo‘sum
247 3187 396 3272 Iudaeus,
418 3189 602 3275 Tarsensis,
631 3215 696 3258 non
720 3191 872 3258 obscurae
894 3187 1028 3258 Cilicum
1049 3192 1167 3276 civitas,
1226 3229 1230 3234 ·

25 3297 117 3367 civis.
139 3293 230 3384 Rogo
253 3306 359 3366 antem
381 3305 422 3385 te,
445 3298 592 3392 permitte
614 3297 690 3364 mihi
702 3296 790 3388 loqui
802 3297 842 3364 ad
858 3295 1037 3394 populum.
1060 3292 1113 3366 40.
1125 3297 1168 3366 Et

27 3426 134 3496 quum
156 3400 209 3468 iile
231 3402 441 3492 permisisset,
469 3401 588 3470 Paulus
610 3415 696 3471 stans
717 3404 750 3470 in
772 3401 918 3494 gradibus
940 3405 1049 3473 annuit
1069 3427 1168 3474 manu

27 3512 68 3578 ad
94 3507 234 3599 plebem:
257 3519 289 3576 et
311 3533 427 3602 magno
450 3509 575 3578 silentio
598 3510 691 3594 iacto,
712 3509 896 3600 alloquutus
917 3519 967 3579 est
987 3509 1168 3604 lingua'he·
1265 3529 1267 3534 '
1295 3489 1299 3502 ’

26 3619 135 3700 braca,
157 3614 273 3684 dicens.

111 3789 160 3849 31.
183 3790 394 3862 Quaeresstidus
413 3791 472 3852 sttu
487 3773 557 3852 ‘mm
575 3793 714 3854 occidere.
755 3787 788 3849 In
813 3809 849 3848 eo
874 3795 951 3850 ocris
975 3789 1020 3850 vis
1045 3787 1168 3850 Satanas

25 3873 166 3950 apparet,
189 3867 267 3948 quod
288 3869 431 3966 populum
446 3866 606 3964 edtfurosis
626 3871 806 3966 praecipitat,
833 3875 866 3930 ut
885 3869 1105 3964 clausis‘templi
1126 3869 1167 3929 to·

25 3949 111 4010 ribus
131 3963 190 4008 non
211 3954 337 4018 contentu
356 3949 491 4008 medroon
513 3969 653 4032 poenam
674 3947 758 4010 Panls
777 3969 878 4010 necem
897 3955 1069 4028 conspirent.
1104 3947 1168 4012 Hoc

25 4047 84 4090 nos
106 4025 274 4085 meditatum
294 4019 397 4087 habere
416 4027 506 4102 decet,
527 4030 640 4110 pietatis
659 4029 756 4089 hostes
776 4028 909 4089 aSatana
928 4027 1044 4167 impelli,
1064 4047 1101 4088 ne
1120 4047 1166 4090 eo·

26 4125 97 4168 rum
116 4103 210 4165 rabies
230 4107 412 4186 quantumvis
432 4127 517 4167 saeva
537 4115 567 4166 et
588 4109 765 4168 tumultuosa
784 4129 838 4168 nos
859 4114 961 4167 eontur
981 4113 1017 4168 et.
1050 4105 1097 4168 Ex
1116 4127 1155 4190 op

25 4188 126 4270 posito
146 4183 265 4266 affulget
283 4187 355 4246 mira
375 4183 431 4246 Dei
450 4186 570 4260 bonitas,
589 4187 657 4246 dnm
677 4194 793 4268 repente
803 4185 962 4246 Tribunum
982 4189 1096 4264 excitet,
1117 4189 1167 4270 qui

26 4261 891 4429 {trististristisnutrisset:
911 4267 1167 4429 {titteris

25 4425 171 4564 vigpp'tppp
183 4423 419 4566 pupp'spppinppp
440 4427 526 4566 ppidit
546 4427 700 4503 Dominus,
722 4427 801 4555 pund
811 4427 881 4570 2si7no
902 4426 1029 4488 humano
1049 4425 1167 4546 consilio
1258 4460 1263 4470 ·
