<?xml version="1.0" encoding="UTF-8"?>
<!DOCTYPE html PUBLIC "-//W3C//DTD XHTML 1.0 Transitional//EN"
    "http://www.w3.org/TR/xhtml1/DTD/xhtml1-transitional.dtd">
<html xmlns="http://www.w3.org/1999/xhtml" xml:lang="en" lang="en">
 <head>
  <title>
</title>
<meta http-equiv="Content-Type" content="text/html;charset=utf-8" />
  <meta name='ocr-system' content='tesseract 3.04.00' />
  <meta name='ocr-capabilities' content='ocr_page ocr_carea ocr_par ocr_line ocrx_word'/>
</head>
<body>
  <div class='ocr_page' id='page_1' title='image "./innovumtestamen00tholgoog_0123.png"; bbox 0 0 2838 4848; ppageno 0'>
   <div class='ocr_carea' id='block_1_1' title="bbox 182 226 905 294">
    <p class='ocr_par' dir='ltr' id='par_1_1' title="bbox 182 226 905 294">
     <span class='ocr_line' id='line_1_1' title="bbox 182 226 905 294; baseline 0 -5"><span class='ocrx_word' id='word_1_1' title='bbox 182 230 237 292; x_wconf 50' lang='lat' dir='ltr'><strong>*tus</strong></span> <span class='ocrx_word' id='word_1_2' title='bbox 305 289 308 294; x_wconf 89' lang='grc'><strong>,</strong></span> <span class='ocrx_word' id='word_1_3' title='bbox 358 257 363 274; x_wconf 88' lang='grc'>·</span> <span class='ocrx_word' id='word_1_4' title='bbox 534 227 596 287; x_wconf 79' lang='lat' dir='ltr'><strong>·1u</strong></span> <span class='ocrx_word' id='word_1_5' title='bbox 617 226 756 290; x_wconf 73' lang='lat' dir='ltr'><strong>staua.</strong></span> <span class='ocrx_word' id='word_1_6' title='bbox 776 226 905 292; x_wconf 83' lang='lat' dir='ltr'><strong>lOdNN.</strong></span> 
     </span>
    </p>
   </div>
   <div class='ocr_carea' id='block_1_2' title="bbox 105 341 1294 3828">
    <p class='ocr_par' dir='ltr' id='par_1_2' title="bbox 178 341 1294 1130">
     <span class='ocr_line' id='line_1_2' title="bbox 181 341 1288 422; baseline 0.009 -22"><span class='ocrx_word' id='word_1_7' title='bbox 181 349 274 400; x_wconf 88' lang='lat' dir='ltr'><strong>tamen</strong></span> <span class='ocrx_word' id='word_1_8' title='bbox 293 341 377 402; x_wconf 82' lang='lat' dir='ltr'><strong>babet</strong></span> <span class='ocrx_word' id='word_1_9' title='bbox 394 342 532 422; x_wconf 88' lang='lat' dir='ltr'><strong>peculiare</strong></span> <span class='ocrx_word' id='word_1_10' title='bbox 548 343 627 421; x_wconf 91' lang='lat' dir='ltr'><strong>quod</strong></span> <span class='ocrx_word' id='word_1_11' title='bbox 646 345 676 403; x_wconf 90' lang='lat' dir='ltr'><strong>iu</strong></span> <span class='ocrx_word' id='word_1_12' title='bbox 694 343 781 403; x_wconf 88' lang='lat' dir='ltr'><strong>elium</strong></span> <span class='ocrx_word' id='word_1_13' title='bbox 799 342 885 404; x_wconf 84' lang='lat' dir='ltr'><strong>tinem</strong></span> <span class='ocrx_word' id='word_1_14' title='bbox 903 341 1006 416; x_wconf 84' lang='lat' dir='ltr'><strong>tendit,</strong></span> <span class='ocrx_word' id='word_1_15' title='bbox 1029 343 1102 404; x_wconf 85' lang='lat' dir='ltr'><strong>sicut</strong></span> <span class='ocrx_word' id='word_1_16' title='bbox 1122 345 1288 410; x_wconf 81' lang='lat' dir='ltr'><strong>videbimus.</strong></span> 
     </span>
     <span class='ocr_line' id='line_1_3' title="bbox 181 419 1289 502; baseline 0.005 -22"><span class='ocrx_word' id='word_1_17' title='bbox 181 419 287 480; x_wconf 86' lang='lat' dir='ltr'><strong>Dicunt</strong></span> <span class='ocrx_word' id='word_1_18' title='bbox 305 421 352 480; x_wconf 88' lang='lat' dir='ltr'><strong>alii</strong></span> <span class='ocrx_word' id='word_1_19' title='bbox 369 420 424 485; x_wconf 88' lang='lat' dir='ltr'><strong>buc</strong></span> <span class='ocrx_word' id='word_1_20' title='bbox 443 419 527 479; x_wconf 83' lang='lat' dir='ltr'><strong>luisse</strong></span> <span class='ocrx_word' id='word_1_21' title='bbox 545 421 649 481; x_wconf 71' lang='lat' dir='ltr'><strong>metum</strong></span> <span class='ocrx_word' id='word_1_22' title='bbox 667 423 752 502; x_wconf 86' lang='lat' dir='ltr'><strong>paulo</strong></span> <span class='ocrx_word' id='word_1_23' title='bbox 791 429 837 484; x_wconf 87' lang='lat' dir='ltr'><strong>ost</strong></span> <span class='ocrx_word' id='word_1_24' title='bbox 859 429 977 481; x_wconf 87' lang='lat' dir='ltr'><strong>mortem</strong></span> <span class='ocrx_word' id='word_1_25' title='bbox 1002 421 1114 483; x_wconf 86' lang='lat' dir='ltr'><strong>loannis</strong></span> <span class='ocrx_word' id='word_1_26' title='bbox 1133 422 1174 484; x_wconf 86' lang='lat' dir='ltr'><strong>Ba</strong></span> <span class='ocrx_word' id='word_1_27' title='bbox 1197 427 1289 499; x_wconf 84' lang='lat' dir='ltr'><strong>tistae,</strong></span> 
     </span>
     <span class='ocr_line' id='line_1_4' title="bbox 181 443 1291 594; baseline 0.005 -35"><span class='ocrx_word' id='word_1_28' title='bbox 181 519 239 580; x_wconf 83' lang='lat' dir='ltr'><strong>qua</strong></span> <span class='ocrx_word' id='word_1_29' title='bbox 256 499 389 594; x_wconf 88' lang='lat' dir='ltr'><strong>temporis</strong></span> <span class='ocrx_word' id='word_1_30' title='bbox 408 499 613 560; x_wconf 81' lang='lat' dir='ltr'><strong>circumstantia</strong></span> <span class='ocrx_word' id='word_1_31' title='bbox 632 519 745 560; x_wconf 86' lang='lat' dir='ltr'><strong>causam</strong></span> <span class='ocrx_word' id='word_1_32' title='bbox 763 443 900 560; x_wconf 60' lang='lat' dir='ltr'><strong>discessus</strong></span> <span class='ocrx_word' id='word_1_33' title='bbox 909 500 1013 560; x_wconf 81' lang='lat' dir='ltr'><strong>Christi</strong></span> <span class='ocrx_word' id='word_1_34' title='bbox 1030 508 1139 562; x_wconf 77' lang='lat' dir='ltr'><strong>notant</strong></span> <span class='ocrx_word' id='word_1_35' title='bbox 1185 507 1291 582; x_wconf 61' lang='lat' dir='ltr'><strong>manni</strong></span> 
     </span>
     <span class='ocr_line' id='line_1_5' title="bbox 181 577 1293 670; baseline 0.004 -32"><span class='ocrx_word' id='word_1_36' title='bbox 181 580 255 638; x_wconf 88' lang='lat' dir='ltr'><strong>euim</strong></span> <span class='ocrx_word' id='word_1_37' title='bbox 273 577 321 636; x_wconf 87' lang='lat' dir='ltr'><strong>ubr</strong></span> <span class='ocrx_word' id='word_1_38' title='bbox 339 577 425 636; x_wconf 70' lang='lat' dir='ltr'><strong>mmcl</strong></span> <span class='ocrx_word' id='word_1_39' title='bbox 443 577 541 637; x_wconf 85' lang='lat' dir='ltr'><strong>imbuti</strong></span> <span class='ocrx_word' id='word_1_40' title='bbox 560 586 626 638; x_wconf 86' lang='lat' dir='ltr'><strong>sunt</strong></span> <span class='ocrx_word' id='word_1_41' title='bbox 644 581 755 659; x_wconf 86' lang='lat' dir='ltr'><strong>piorum</strong></span> <span class='ocrx_word' id='word_1_42' title='bbox 774 581 921 670; x_wconf 63' lang='lat' dir='ltr'><strong>sanguiue,</strong></span> <span class='ocrx_word' id='word_1_43' title='bbox 944 579 1079 640; x_wconf 82' lang='lat' dir='ltr'><strong>exardent</strong></span> <span class='ocrx_word' id='word_1_44' title='bbox 1101 582 1131 640; x_wconf 89' lang='lat' dir='ltr'><strong>iu</strong></span> <span class='ocrx_word' id='word_1_45' title='bbox 1150 584 1293 643; x_wconf 86' lang='lat' dir='ltr'><strong>maiorem</strong></span> 
     </span>
     <span class='ocr_line' id='line_1_6' title="bbox 180 658 1291 756; baseline 0.005 -40"><span class='ocrx_word' id='word_1_46' title='bbox 180 659 341 750; x_wconf 51' lang='lat' dir='ltr'><strong>saevitiamq</strong></span> <span class='ocrx_word' id='word_1_47' title='bbox 364 675 421 716; x_wconf 87' lang='lat' dir='ltr'><strong>nou</strong></span> <span class='ocrx_word' id='word_1_48' title='bbox 446 675 526 716; x_wconf 86' lang='lat' dir='ltr'><strong>secus</strong></span> <span class='ocrx_word' id='word_1_49' title='bbox 550 676 594 752; x_wconf 32' lang='lat' dir='ltr'><strong>ae&#39;</strong></span> <span class='ocrx_word' id='word_1_50' title='bbox 606 658 735 752; x_wconf 38' lang='lat' dir='ltr'><strong>potandi·</strong></span> <span class='ocrx_word' id='word_1_51' title='bbox 748 659 925 738; x_wconf 88' lang='lat' dir='ltr'><strong>intemperies</strong></span> <span class='ocrx_word' id='word_1_52' title='bbox 955 659 1029 718; x_wconf 86' lang='lat' dir='ltr'><strong>sitim</strong></span> <span class='ocrx_word' id='word_1_53' title='bbox 1055 659 1172 756; x_wconf 81' lang='lat' dir='ltr'><strong>ebripsis</strong></span> <span class='ocrx_word' id='word_1_54' title='bbox 1203 663 1291 722; x_wconf 83' lang='lat' dir='ltr'><strong>acuit</strong></span> 
     </span>
     <span class='ocr_line' id='line_1_7' title="bbox 180 733 1293 896; baseline 0.006 -24"><span class='ocrx_word' id='word_1_55' title='bbox 180 733 400 893; x_wconf 52' lang='lat' dir='ltr'><strong>{biblii</strong></span> <span class='ocrx_word' id='word_1_56' title='bbox 417 735 1029 896; x_wconf 64' lang='lat' dir='ltr'><strong>ttt”tl¹ltt¹t⁰dtrf⁰‘⁰t⁰trttttt</strong></span> <span class='ocrx_word' id='word_1_57' title='bbox 1050 739 1184 877; x_wconf 64' lang='lat' dir='ltr'><strong>titt„</strong></span> <span class='ocrx_word' id='word_1_58' title='bbox 1197 743 1293 879; x_wconf 58' lang='lat' dir='ltr'><strong>iiii?</strong></span> 
     </span>
     <span class='ocr_line' id='line_1_8' title="bbox 180 891 1293 975; baseline 0.004 -23"><span class='ocrx_word' id='word_1_59' title='bbox 180 891 347 966; x_wconf 81' lang='lat' dir='ltr'><strong>Tiberiadis,</strong></span> <span class='ocrx_word' id='word_1_60' title='bbox 376 893 474 952; x_wconf 88' lang='lat' dir='ltr'><strong>melios</strong></span> <span class='ocrx_word' id='word_1_61' title='bbox 496 892 592 954; x_wconf 90' lang='lat' dir='ltr'><strong>locum</strong></span> <span class='ocrx_word' id='word_1_62' title='bbox 616 895 732 974; x_wconf 79' lang='lat' dir='ltr'>exponit</span> <span class='ocrx_word' id='word_1_63' title='bbox 754 915 812 975; x_wconf 90' lang='lat' dir='ltr'><strong>quo</strong></span> <span class='ocrx_word' id='word_1_64' title='bbox 834 913 866 954; x_wconf 88' lang='lat' dir='ltr'><strong>so</strong></span> <span class='ocrx_word' id='word_1_65' title='bbox 884 896 1004 956; x_wconf 80' lang='lat' dir='ltr'><strong>coutudt</strong></span> <span class='ocrx_word' id='word_1_66' title='bbox 1023 894 1170 970; x_wconf 84' lang='lat' dir='ltr'><strong>Christus,</strong></span> <span class='ocrx_word' id='word_1_67' title='bbox 1197 915 1293 975; x_wconf 84' lang='lat' dir='ltr'><strong>neque</strong></span> 
     </span>
     <span class='ocr_line' id='line_1_9' title="bbox 178 971 1294 1056; baseline 0.004 -26"><span class='ocrx_word' id='word_1_68' title='bbox 178 972 253 1030; x_wconf 86' lang='lat' dir='ltr'><strong>enirn</strong></span> <span class='ocrx_word' id='word_1_69' title='bbox 271 977 348 1031; x_wconf 87' lang='lat' dir='ltr'><strong>totus</strong></span> <span class='ocrx_word' id='word_1_70' title='bbox 364 971 443 1030; x_wconf 85' lang='lat' dir='ltr'><strong>lacus</strong></span> <span class='ocrx_word' id='word_1_71' title='bbox 462 971 560 1032; x_wconf 87' lang='lat' dir='ltr'><strong>babuit</strong></span> <span class='ocrx_word' id='word_1_72' title='bbox 577 973 633 1034; x_wconf 89' lang='lat' dir='ltr'><strong>boc</strong></span> <span class='ocrx_word' id='word_1_73' title='bbox 650 992 768 1048; x_wconf 84' lang='lat' dir='ltr'><strong>nomen,</strong></span> <span class='ocrx_word' id='word_1_74' title='bbox 796 973 846 1035; x_wconf 89' lang='lat' dir='ltr'><strong>aed</strong></span> <span class='ocrx_word' id='word_1_75' title='bbox 869 979 978 1034; x_wconf 59' lang='lat' dir='ltr'><strong>mum</strong></span> <span class='ocrx_word' id='word_1_76' title='bbox 1001 991 1067 1056; x_wconf 83' lang='lat' dir='ltr'><strong>pars</strong></span> <span class='ocrx_word' id='word_1_77' title='bbox 1091 975 1172 1056; x_wconf 88' lang='lat' dir='ltr'><strong>ripae</strong></span> <span class='ocrx_word' id='word_1_78' title='bbox 1191 975 1294 1050; x_wconf 82' lang='lat' dir='ltr'><strong>vicina,</strong></span> 
     </span>
     <span class='ocr_line' id='line_1_10' title="bbox 179 1049 843 1130; baseline 0.008 -20"><span class='ocrx_word' id='word_1_79' title='bbox 179 1052 353 1130; x_wconf 85' lang='lat' dir='ltr'><strong>inquesita</strong></span> <span class='ocrx_word' id='word_1_80' title='bbox 373 1058 433 1110; x_wconf 84' lang='lat' dir='ltr'><strong>erut</strong></span> <span class='ocrx_word' id='word_1_81' title='bbox 451 1049 583 1112; x_wconf 78' lang='lat' dir='ltr'>Tiberias.</span> <span class='ocrx_word' id='word_1_82' title='bbox 840 1074 843 1085; x_wconf 93' lang='lat'><em>·</em></span> 
     </span>
    </p>

    <p class='ocr_par' dir='ltr' id='par_1_3' title="bbox 105 1129 1293 3560">
     <span class='ocr_line' id='line_1_11' title="bbox 255 1129 1293 1213; baseline 0.003 -23"><span class='ocrx_word' id='word_1_83' title='bbox 255 1133 283 1190; x_wconf 81' lang='lat'><strong>2.</strong></span> <span class='ocrx_word' id='word_1_84' title='bbox 304 1135 432 1210; x_wconf 76' lang='lat' dir='ltr'><strong>Seqrruto</strong></span> <span class='ocrx_word' id='word_1_85' title='bbox 445 1141 486 1190; x_wconf 83' lang='lat' dir='ltr'><strong>est</strong></span> <span class='ocrx_word' id='word_1_86' title='bbox 501 1134 594 1192; x_wconf 80' lang='lat' dir='ltr'><strong>tardo.</strong></span> <span class='ocrx_word' id='word_1_87' title='bbox 617 1129 691 1192; x_wconf 84' lang='lat' dir='ltr'><strong>ilinc</strong></span> <span class='ocrx_word' id='word_1_88' title='bbox 708 1138 803 1192; x_wconf 83' lang='lat' dir='ltr'><strong>tantm</strong></span> <span class='ocrx_word' id='word_1_89' title='bbox 820 1132 954 1212; x_wconf 86' lang='lat' dir='ltr'><strong>sequendi</strong></span> <span class='ocrx_word' id='word_1_90' title='bbox 964 1131 1068 1193; x_wconf 84' lang='lat' dir='ltr'><strong>Cbristi</strong></span> <span class='ocrx_word' id='word_1_91' title='bbox 1087 1131 1194 1207; x_wconf 76' lang='lat' dir='ltr'><strong>servm,</strong></span> <span class='ocrx_word' id='word_1_92' title='bbox 1213 1133 1293 1213; x_wconf 90' lang='lat' dir='ltr'><strong>quod</strong></span> 
     </span>
     <span class='ocr_line' id='line_1_12' title="bbox 179 1209 1291 1292; baseline 0.005 -26"><span class='ocrx_word' id='word_1_93' title='bbox 179 1215 324 1288; x_wconf 84' lang='lat' dir='ltr'><strong>perspecta</strong></span> <span class='ocrx_word' id='word_1_94' title='bbox 342 1210 402 1268; x_wconf 91' lang='lat' dir='ltr'><strong>eius</strong></span> <span class='ocrx_word' id='word_1_95' title='bbox 421 1211 525 1270; x_wconf 87' lang='lat' dir='ltr'><strong>virtute</strong></span> <span class='ocrx_word' id='word_1_96' title='bbox 543 1212 573 1270; x_wconf 90' lang='lat' dir='ltr'><strong>in</strong></span> <span class='ocrx_word' id='word_1_97' title='bbox 592 1211 732 1270; x_wconf 74' lang='lat' dir='ltr'><strong>miraculis</strong></span> <span class='ocrx_word' id='word_1_98' title='bbox 750 1229 885 1289; x_wconf 77' lang='lat' dir='ltr'><strong>magnum</strong></span> <span class='ocrx_word' id='word_1_99' title='bbox 903 1211 1026 1290; x_wconf 79' lang='lat' dir='ltr'><strong>aliquem</strong></span> <span class='ocrx_word' id='word_1_100' title='bbox 1044 1209 1291 1292; x_wconf 79' lang='lat' dir='ltr'><strong>esseProplretam</strong></span> 
     </span>
     <span class='ocr_line' id='line_1_13' title="bbox 178 1284 1289 1370; baseline 0.005 -25"><span class='ocrx_word' id='word_1_101' title='bbox 178 1293 208 1346; x_wconf 88' lang='lat' dir='ltr'><strong>et</strong></span> <span class='ocrx_word' id='word_1_102' title='bbox 225 1305 243 1345; x_wconf 87' lang='lat' dir='ltr'><strong>a</strong></span> <span class='ocrx_word' id='word_1_103' title='bbox 261 1284 325 1346; x_wconf 91' lang='lat' dir='ltr'><strong>Deo</strong></span> <span class='ocrx_word' id='word_1_104' title='bbox 343 1289 459 1348; x_wconf 87' lang='lat' dir='ltr'><strong>missurn</strong></span> <span class='ocrx_word' id='word_1_105' title='bbox 479 1291 602 1369; x_wconf 73' lang='lat' dir='ltr'><strong>persuasi</strong></span> <span class='ocrx_word' id='word_1_106' title='bbox 620 1295 709 1350; x_wconf 81' lang='lat' dir='ltr'><strong>eraut</strong></span> <span class='ocrx_word' id='word_1_107' title='bbox 753 1288 903 1349; x_wconf 74' lang='lat' dir='ltr'><strong>Caeterum</strong></span> <span class='ocrx_word' id='word_1_108' title='bbox 921 1289 969 1350; x_wconf 94' lang='lat' dir='ltr'><strong>bic</strong></span> <span class='ocrx_word' id='word_1_109' title='bbox 987 1291 1090 1366; x_wconf 84' lang='lat' dir='ltr'><strong>omittit</strong></span> <span class='ocrx_word' id='word_1_110' title='bbox 1108 1288 1289 1370; x_wconf 69' lang='lat' dir='ltr'><strong>Evangelista</strong></span> 
     </span>
     <span class='ocr_line' id='line_1_14' title="bbox 175 1359 1289 1449; baseline 0.001 -23"><span class='ocrx_word' id='word_1_111' title='bbox 175 1359 183 1382; x_wconf 64' lang='lat'>²</span> <span class='ocrx_word' id='word_1_112' title='bbox 217 1365 254 1426; x_wconf 91' lang='lat' dir='ltr'><strong>od</strong></span> <span class='ocrx_word' id='word_1_113' title='bbox 277 1366 323 1424; x_wconf 89' lang='lat' dir='ltr'><strong>alii</strong></span> <span class='ocrx_word' id='word_1_114' title='bbox 345 1374 403 1426; x_wconf 84' lang='lat' dir='ltr'><strong>tres</strong></span> <span class='ocrx_word' id='word_1_115' title='bbox 426 1367 564 1444; x_wconf 76' lang='lat' dir='ltr'><strong>referum,</strong></span> <span class='ocrx_word' id='word_1_116' title='bbox 593 1368 718 1429; x_wconf 87' lang='lat' dir='ltr'><strong>docendo</strong></span> <span class='ocrx_word' id='word_1_117' title='bbox 742 1375 772 1428; x_wconf 92' lang='lat' dir='ltr'><strong>et</strong></span> <span class='ocrx_word' id='word_1_118' title='bbox 795 1369 923 1428; x_wconf 76' lang='lat' dir='ltr'><strong>sanandis</strong></span> <span class='ocrx_word' id='word_1_119' title='bbox 947 1369 1068 1449; x_wconf 63' lang='lat' dir='ltr'><strong>aegrotis</strong></span> <span class='ocrx_word' id='word_1_120' title='bbox 1090 1375 1289 1448; x_wconf 72' lang='lat' dir='ltr'><strong>consumptam</strong></span> 
     </span>
     <span class='ocr_line' id='line_1_15' title="bbox 189 1445 1289 1528; baseline 0.003 -24"><span class='ocrx_word' id='word_1_121' title='bbox 189 1445 261 1504; x_wconf 88' lang='lat' dir='ltr'><strong>uisse</strong></span> <span class='ocrx_word' id='word_1_122' title='bbox 280 1445 335 1504; x_wconf 89' lang='lat' dir='ltr'><strong>dici</strong></span> <span class='ocrx_word' id='word_1_123' title='bbox 354 1452 474 1526; x_wconf 81' lang='lat' dir='ltr'><strong>partem,</strong></span> <span class='ocrx_word' id='word_1_124' title='bbox 503 1455 532 1506; x_wconf 89' lang='lat' dir='ltr'><strong>et</strong></span> <span class='ocrx_word' id='word_1_125' title='bbox 555 1468 643 1528; x_wconf 90' lang='lat' dir='ltr'><strong>quum</strong></span> <span class='ocrx_word' id='word_1_126' title='bbox 666 1449 723 1506; x_wconf 75' lang='lat' dir='ltr'><strong>mm</strong></span> <span class='ocrx_word' id='word_1_127' title='bbox 745 1447 790 1507; x_wconf 90' lang='lat' dir='ltr'><strong>sol</strong></span> <span class='ocrx_word' id='word_1_128' title='bbox 812 1449 842 1508; x_wconf 89' lang='lat' dir='ltr'><strong>iu</strong></span> <span class='ocrx_word' id='word_1_129' title='bbox 861 1465 992 1508; x_wconf 73' lang='lat' dir='ltr'><strong>comeum</strong></span> <span class='ocrx_word' id='word_1_130' title='bbox 1011 1452 1136 1526; x_wconf 73' lang='lat' dir='ltr'><strong>vergeret</strong></span> <span class='ocrx_word' id='word_1_131' title='bbox 1155 1453 1289 1526; x_wconf 74' lang='lat' dir='ltr'><strong>rogatum</strong></span> 
     </span>
     <span class='ocr_line' id='line_1_16' title="bbox 177 1523 1288 1605; baseline 0.003 -23"><span class='ocrx_word' id='word_1_132' title='bbox 177 1523 261 1583; x_wconf 81' lang='lat' dir='ltr'><strong>baisse</strong></span> <span class='ocrx_word' id='word_1_133' title='bbox 279 1543 297 1583; x_wconf 92' lang='lat' dir='ltr'><strong>a</strong></span> <span class='ocrx_word' id='word_1_134' title='bbox 315 1523 456 1604; x_wconf 81' lang='lat' dir='ltr'><strong>discipulis</strong></span> <span class='ocrx_word' id='word_1_135' title='bbox 475 1533 507 1586; x_wconf 90' lang='lat' dir='ltr'><strong>ut</strong></span> <span class='ocrx_word' id='word_1_136' title='bbox 526 1526 675 1587; x_wconf 87' lang='lat' dir='ltr'><strong>dimitteret</strong></span> <span class='ocrx_word' id='word_1_137' title='bbox 692 1525 797 1586; x_wconf 82' lang='lat' dir='ltr'><strong>turbes.</strong></span> <span class='ocrx_word' id='word_1_138' title='bbox 826 1525 973 1586; x_wconf 84' lang='lat' dir='ltr'><strong>Summam</strong></span> <span class='ocrx_word' id='word_1_139' title='bbox 991 1525 1066 1586; x_wconf 88' lang='lat' dir='ltr'><strong>enim</strong></span> <span class='ocrx_word' id='word_1_140' title='bbox 1085 1525 1205 1585; x_wconf 76' lang='lat' dir='ltr'><strong>breviter</strong></span> <span class='ocrx_word' id='word_1_141' title='bbox 1223 1545 1288 1605; x_wconf 90' lang='lat' dir='ltr'><strong>per·</strong></span> 
     </span>
     <span class='ocr_line' id='line_1_17' title="bbox 176 1603 1289 1684; baseline 0.004 -24"><span class='ocrx_word' id='word_1_142' title='bbox 176 1603 310 1683; x_wconf 78' lang='lat' dir='ltr'><strong>suingere</strong></span> <span class='ocrx_word' id='word_1_143' title='bbox 329 1606 394 1662; x_wconf 88' lang='lat' dir='ltr'><strong>satis</strong></span> <span class='ocrx_word' id='word_1_144' title='bbox 413 1604 522 1678; x_wconf 87' lang='lat' dir='ltr'><strong>babuit,</strong></span> <span class='ocrx_word' id='word_1_145' title='bbox 546 1613 580 1666; x_wconf 91' lang='lat' dir='ltr'><strong>ut</strong></span> <span class='ocrx_word' id='word_1_146' title='bbox 598 1605 652 1666; x_wconf 85' lang='lat' dir='ltr'><strong>bae</strong></span> <span class='ocrx_word' id='word_1_147' title='bbox 670 1605 815 1666; x_wconf 74' lang='lat' dir='ltr'><strong>occasione</strong></span> <span class='ocrx_word' id='word_1_148' title='bbox 833 1625 887 1666; x_wconf 87' lang='lat' dir='ltr'><strong>nos</strong></span> <span class='ocrx_word' id='word_1_149' title='bbox 905 1605 942 1666; x_wconf 84' lang='lat' dir='ltr'><strong>ad</strong></span> <span class='ocrx_word' id='word_1_150' title='bbox 964 1606 1104 1684; x_wconf 86' lang='lat' dir='ltr'><strong>reliquum</strong></span> <span class='ocrx_word' id='word_1_151' title='bbox 1122 1610 1289 1673; x_wconf 84' lang='lat' dir='ltr'><strong>contextum</strong></span> 
     </span>
     <span class='ocr_line' id='line_1_18' title="bbox 176 1679 1288 1768; baseline -0.001 -26"><span class='ocrx_word' id='word_1_152' title='bbox 176 1679 226 1761; x_wconf 91' lang='lat' dir='ltr'><strong>qui</strong></span> <span class='ocrx_word' id='word_1_153' title='bbox 244 1688 341 1762; x_wconf 87' lang='lat' dir='ltr'><strong>postea</strong></span> <span class='ocrx_word' id='word_1_154' title='bbox 360 1690 492 1763; x_wconf 85' lang='lat' dir='ltr'><strong>sequetur</strong></span> <span class='ocrx_word' id='word_1_155' title='bbox 511 1683 666 1744; x_wconf 81' lang='lat' dir='ltr'><strong>deduceret.</strong></span> <span class='ocrx_word' id='word_1_156' title='bbox 716 1683 867 1744; x_wconf 74' lang='lat' dir='ltr'><strong>Caeterum</strong></span> <span class='ocrx_word' id='word_1_157' title='bbox 891 1683 938 1743; x_wconf 91' lang='lat' dir='ltr'><strong>hie</strong></span> <span class='ocrx_word' id='word_1_158' title='bbox 960 1685 1053 1768; x_wconf 84' lang='lat' dir='ltr'><strong>primo</strong></span> <span class='ocrx_word' id='word_1_159' title='bbox 1071 1683 1136 1743; x_wconf 87' lang='lat' dir='ltr'><strong>loeo</strong></span> <span class='ocrx_word' id='word_1_160' title='bbox 1192 1691 1197 1698; x_wconf 69' lang='lat'><strong>⁴</strong></span> <span class='ocrx_word' id='word_1_161' title='bbox 1240 1681 1288 1742; x_wconf 89' lang='lat' dir='ltr'><strong>ici·</strong></span> 
     </span>
     <span class='ocr_line' id='line_1_19' title="bbox 175 1702 1288 1844; baseline 0.003 -26"><span class='ocrx_word' id='word_1_162' title='bbox 175 1779 251 1835; x_wconf 87' lang='lat' dir='ltr'><strong>mus,</strong></span> <span class='ocrx_word' id='word_1_163' title='bbox 278 1768 385 1840; x_wconf 84' lang='lat' dir='ltr'><strong>quanto</strong></span> <span class='ocrx_word' id='word_1_164' title='bbox 409 1762 538 1822; x_wconf 87' lang='lat' dir='ltr'><strong>audiendi</strong></span> <span class='ocrx_word' id='word_1_165' title='bbox 557 1761 664 1823; x_wconf 88' lang='lat' dir='ltr'><strong>Christi</strong></span> <span class='ocrx_word' id='word_1_166' title='bbox 687 1764 780 1822; x_wconf 90' lang='lat' dir='ltr'><strong>studio</strong></span> <span class='ocrx_word' id='word_1_167' title='bbox 799 1762 921 1844; x_wconf 89' lang='lat' dir='ltr'><strong>populus</strong></span> <span class='ocrx_word' id='word_1_168' title='bbox 940 1761 1063 1836; x_wconf 66' lang='lat' dir='ltr'><strong>ardeat,</strong></span> <span class='ocrx_word' id='word_1_169' title='bbox 1087 1702 1288 1841; x_wconf 45' lang='lat' dir='ltr'><strong>&#39;quol‘lslpmncs</strong></span> 
     </span>
     <span class='ocr_line' id='line_1_20' title="bbox 175 1839 1287 1922; baseline 0.002 -24"><span class='ocrx_word' id='word_1_170' title='bbox 175 1840 219 1900; x_wconf 92' lang='lat' dir='ltr'><strong>sui</strong></span> <span class='ocrx_word' id='word_1_171' title='bbox 238 1839 317 1900; x_wconf 85' lang='lat' dir='ltr'><strong>obliti</strong></span> <span class='ocrx_word' id='word_1_172' title='bbox 334 1847 446 1900; x_wconf 67' lang='lat' dir='ltr'><strong>uocum</strong></span> <span class='ocrx_word' id='word_1_173' title='bbox 465 1859 562 1902; x_wconf 80' lang='lat' dir='ltr'><strong>secure</strong></span> <span class='ocrx_word' id='word_1_174' title='bbox 580 1845 610 1902; x_wconf 90' lang='lat' dir='ltr'><strong>in</strong></span> <span class='ocrx_word' id='word_1_175' title='bbox 628 1843 693 1902; x_wconf 85' lang='lat' dir='ltr'><strong>loeo</strong></span> <span class='ocrx_word' id='word_1_176' title='bbox 712 1841 823 1902; x_wconf 85' lang='lat' dir='ltr'><strong>deserto</strong></span> <span class='ocrx_word' id='word_1_177' title='bbox 842 1848 1014 1922; x_wconf 79' lang='lat' dir='ltr'><strong>exspectent</strong></span> <span class='ocrx_word' id='word_1_178' title='bbox 1044 1839 1112 1919; x_wconf 85' lang='lat' dir='ltr'><strong>Quo</strong></span> <span class='ocrx_word' id='word_1_179' title='bbox 1130 1842 1224 1901; x_wconf 82' lang='lat' dir='ltr'><strong>minna</strong></span> <span class='ocrx_word' id='word_1_180' title='bbox 1235 1859 1287 1900; x_wconf 83' lang='lat' dir='ltr'><strong>ex·</strong></span> 
     </span>
     <span class='ocr_line' id='line_1_21' title="bbox 175 1919 1286 2002; baseline 0.002 -24"><span class='ocrx_word' id='word_1_181' title='bbox 175 1919 323 1979; x_wconf 82' lang='lat' dir='ltr'><strong>cusab‘onis</strong></span> <span class='ocrx_word' id='word_1_182' title='bbox 342 1919 426 1980; x_wconf 82' lang='lat' dir='ltr'><strong>babet</strong></span> <span class='ocrx_word' id='word_1_183' title='bbox 445 1927 542 2001; x_wconf 87' lang='lat' dir='ltr'><strong>torpor</strong></span> <span class='ocrx_word' id='word_1_184' title='bbox 560 1929 657 1984; x_wconf 86' lang='lat' dir='ltr'><strong>noster</strong></span> <span class='ocrx_word' id='word_1_185' title='bbox 675 1921 723 1980; x_wconf 88' lang='lat' dir='ltr'><strong>vel</strong></span> <span class='ocrx_word' id='word_1_186' title='bbox 745 1922 841 2001; x_wconf 83' lang='lat' dir='ltr'><strong>potius</strong></span> <span class='ocrx_word' id='word_1_187' title='bbox 864 1921 1005 1998; x_wconf 83' lang='lat' dir='ltr'><strong>socordia,</strong></span> <span class='ocrx_word' id='word_1_188' title='bbox 1033 1919 1111 2002; x_wconf 89' lang='lat' dir='ltr'><strong>quod</strong></span> <span class='ocrx_word' id='word_1_189' title='bbox 1133 1919 1286 1980; x_wconf 69' lang='lat' dir='ltr'><strong>melsun</strong></span> 
     </span>
     <span class='ocr_line' id='line_1_22' title="bbox 174 1995 1287 2084; baseline 0.002 -29"><span class='ocrx_word' id='word_1_190' title='bbox 174 1995 280 2072; x_wconf 76' lang='lat' dir='ltr'><strong>Cb‘risti</strong></span> <span class='ocrx_word' id='word_1_191' title='bbox 299 1997 452 2062; x_wconf 73' lang='lat' dir='ltr'><strong>doctrinam</strong></span> <span class='ocrx_word' id='word_1_192' title='bbox 471 1999 552 2060; x_wconf 83' lang='lat' dir='ltr'><strong>lamis</strong></span> <span class='ocrx_word' id='word_1_193' title='bbox 570 2019 653 2060; x_wconf 90' lang='lat' dir='ltr'><strong>curae</strong></span> <span class='ocrx_word' id='word_1_194' title='bbox 672 1999 742 2060; x_wconf 91' lang='lat' dir='ltr'><strong>adeo</strong></span> <span class='ocrx_word' id='word_1_195' title='bbox 756 2019 815 2060; x_wconf 89' lang='lat' dir='ltr'><strong>non</strong></span> <span class='ocrx_word' id='word_1_196' title='bbox 828 1999 1019 2084; x_wconf 76' lang='lat' dir='ltr'><strong>praeterimus,</strong></span> <span class='ocrx_word' id='word_1_197' title='bbox 1037 1999 1287 2078; x_wconf 87' lang='lat' dir='ltr'><strong>utminimaquae·</strong></span> 
     </span>
     <span class='ocr_line' id='line_1_23' title="bbox 174 2077 1287 2155; baseline 0 -19"><span class='ocrx_word' id='word_1_198' title='bbox 174 2095 230 2155; x_wconf 86' lang='lat' dir='ltr'><strong>qne</strong></span> <span class='ocrx_word' id='word_1_199' title='bbox 249 2085 430 2138; x_wconf 83' lang='lat' dir='ltr'><strong>avocamenta</strong></span> <span class='ocrx_word' id='word_1_200' title='bbox 450 2079 567 2138; x_wconf 84' lang='lat' dir='ltr'><strong>subinde</strong></span> <span class='ocrx_word' id='word_1_201' title='bbox 585 2099 638 2138; x_wconf 89' lang='lat' dir='ltr'><strong>nos</strong></span> <span class='ocrx_word' id='word_1_202' title='bbox 657 2098 674 2137; x_wconf 91' lang='lat' dir='ltr'><strong>a</strong></span> <span class='ocrx_word' id='word_1_203' title='bbox 693 2081 767 2138; x_wconf 81' lang='lat' dir='ltr'><strong>vitae</strong></span> <span class='ocrx_word' id='word_1_204' title='bbox 786 2083 914 2138; x_wconf 77' lang='lat' dir='ltr'><strong>aeternae</strong></span> <span class='ocrx_word' id='word_1_205' title='bbox 940 2077 1115 2139; x_wconf 79' lang='lat' dir='ltr'><strong>meditationi</strong></span> <span class='ocrx_word' id='word_1_206' title='bbox 1134 2077 1287 2151; x_wconf 70' lang='lat' dir='ltr'><strong>&#39;abducant</strong></span> 
     </span>
     <span class='ocr_line' id='line_1_24' title="bbox 173 2153 1290 2252; baseline -0.002 -36"><span class='ocrx_word' id='word_1_207' title='bbox 173 2157 231 2216; x_wconf 86' lang='lat' dir='ltr'><strong>irrro</strong></span> <span class='ocrx_word' id='word_1_208' title='bbox 249 2158 387 2252; x_wconf 74' lang='lat' dir='ltr'><strong>redecima</strong></span> <span class='ocrx_word' id='word_1_209' title='bbox 405 2158 542 2252; x_wconf 72' lang='lat' dir='ltr'><strong>cpntirrgit</strong></span> <span class='ocrx_word' id='word_1_210' title='bbox 559 2165 592 2218; x_wconf 90' lang='lat' dir='ltr'><strong>ut</strong></span> <span class='ocrx_word' id='word_1_211' title='bbox 611 2157 741 2217; x_wconf 84' lang='lat' dir='ltr'><strong>Christus</strong></span> <span class='ocrx_word' id='word_1_212' title='bbox 764 2153 935 2252; x_wconf 71' lang='lat' dir='ltr'><strong>aesmundi</strong></span> <span class='ocrx_word' id='word_1_213' title='bbox 957 2157 1107 2218; x_wconf 82' lang='lat' dir='ltr'><strong>obstaculis</strong></span> <span class='ocrx_word' id='word_1_214' title='bbox 1130 2155 1240 2216; x_wconf 84' lang='lat' dir='ltr'><strong>solutos</strong></span> <span class='ocrx_word' id='word_1_215' title='bbox 1258 2161 1290 2214; x_wconf 86' lang='lat' dir='ltr'><strong>et</strong></span> 
     </span>
     <span class='ocr_line' id='line_1_25' title="bbox 172 2235 1288 2396; baseline -0.002 -22"><span class='ocrx_word' id='word_1_216' title='bbox 172 2235 470 2396; x_wconf 60' lang='lat' dir='ltr'><strong>tt‘dttttt‘tt·</strong></span> <span class='ocrx_word' id='word_1_217' title='bbox 490 2237 977 2396; x_wconf 48' lang='lat' dir='ltr'><strong>prqxqpppuqmffiqqq</strong></span> <span class='ocrx_word' id='word_1_218' title='bbox 994 2235 1288 2395; x_wconf 49' lang='lat' dir='ltr'><strong>:lrffitffi</strong></span> 
     </span>
     <span class='ocr_line' id='line_1_26' title="bbox 173 2391 1287 2472; baseline -0.001 -22"><span class='ocrx_word' id='word_1_219' title='bbox 173 2411 260 2472; x_wconf 90' lang='lat' dir='ltr'><strong>quum</strong></span> <span class='ocrx_word' id='word_1_220' title='bbox 280 2411 310 2452; x_wconf 87' lang='lat' dir='ltr'><strong>se</strong></span> <span class='ocrx_word' id='word_1_221' title='bbox 330 2391 407 2452; x_wconf 89' lang='lat' dir='ltr'><strong>domi</strong></span> <span class='ocrx_word' id='word_1_222' title='bbox 426 2395 511 2453; x_wconf 89' lang='lat' dir='ltr'><strong>oss&#39;ert</strong></span> <span class='ocrx_word' id='word_1_223' title='bbox 532 2396 607 2454; x_wconf 88' lang='lat' dir='ltr'><strong>inter</strong></span> <span class='ocrx_word' id='word_1_224' title='bbox 630 2393 735 2454; x_wconf 89' lang='lat' dir='ltr'><strong>medias</strong></span> <span class='ocrx_word' id='word_1_225' title='bbox 759 2393 978 2454; x_wconf 85' lang='lat' dir='ltr'><strong>commoditates.</strong></span> <span class='ocrx_word' id='word_1_226' title='bbox 1026 2391 1165 2470; x_wconf 82' lang='lat' dir='ltr'><strong>Quamvis</strong></span> <span class='ocrx_word' id='word_1_227' title='bbox 1189 2398 1287 2450; x_wconf 83' lang='lat' dir='ltr'><strong>auteur</strong></span> 
     </span>
     <span class='ocr_line' id='line_1_27' title="bbox 172 2469 1288 2552; baseline 0.001 -23"><span class='ocrx_word' id='word_1_228' title='bbox 172 2472 202 2529; x_wconf 90' lang='lat' dir='ltr'><strong>in</strong></span> <span class='ocrx_word' id='word_1_229' title='bbox 220 2477 282 2529; x_wconf 86' lang='lat' dir='ltr'><strong>tuto</strong></span> <span class='ocrx_word' id='word_1_230' title='bbox 300 2471 360 2531; x_wconf 83' lang='lat' dir='ltr'><strong>fere</strong></span> <span class='ocrx_word' id='word_1_231' title='bbox 379 2473 485 2532; x_wconf 90' lang='lat' dir='ltr'><strong>rrrundo</strong></span> <span class='ocrx_word' id='word_1_232' title='bbox 505 2469 646 2552; x_wconf 71' lang='lat' dir='ltr'><strong>grassetur</strong></span> <span class='ocrx_word' id='word_1_233' title='bbox 663 2472 710 2532; x_wconf 89' lang='lat' dir='ltr'><strong>hic</strong></span> <span class='ocrx_word' id='word_1_234' title='bbox 728 2473 857 2545; x_wconf 86' lang='lat' dir='ltr'><strong>morbus,</strong></span> <span class='ocrx_word' id='word_1_235' title='bbox 887 2479 1002 2532; x_wconf 85' lang='lat' dir='ltr'><strong>certum</strong></span> <span class='ocrx_word' id='word_1_236' title='bbox 1017 2479 1113 2532; x_wconf 85' lang='lat' dir='ltr'><strong>tamen</strong></span> <span class='ocrx_word' id='word_1_237' title='bbox 1133 2476 1179 2530; x_wconf 83' lang='lat' dir='ltr'><strong>est</strong></span> <span class='ocrx_word' id='word_1_238' title='bbox 1196 2471 1288 2530; x_wconf 84' lang='lat' dir='ltr'><strong>nemi-</strong></span> 
     </span>
     <span class='ocr_line' id='line_1_28' title="bbox 172 2548 1286 2640; baseline -0.001 -32"><span class='ocrx_word' id='word_1_239' title='bbox 172 2567 238 2608; x_wconf 83' lang='lat' dir='ltr'><strong>uem</strong></span> <span class='ocrx_word' id='word_1_240' title='bbox 256 2568 343 2628; x_wconf 74' lang='lat' dir='ltr'><strong>reguo</strong></span> <span class='ocrx_word' id='word_1_241' title='bbox 364 2548 418 2608; x_wconf 86' lang='lat' dir='ltr'><strong>ilci</strong></span> <span class='ocrx_word' id='word_1_242' title='bbox 437 2552 629 2630; x_wconf 73' lang='lat' dir='ltr'><strong>opimiore,</strong></span> <span class='ocrx_word' id='word_1_243' title='bbox 652 2553 706 2612; x_wconf 88' lang='lat' dir='ltr'><strong>nisi</strong></span> <span class='ocrx_word' id='word_1_244' title='bbox 729 2551 779 2630; x_wconf 90' lang='lat' dir='ltr'><strong>qui</strong></span> <span class='ocrx_word' id='word_1_245' title='bbox 802 2551 926 2640; x_wconf 73' lang='lat' dir='ltr'><strong>excussis</strong></span> <span class='ocrx_word' id='word_1_246' title='bbox 945 2549 1047 2610; x_wconf 86' lang='lat' dir='ltr'><strong>talibus</strong></span> <span class='ocrx_word' id='word_1_247' title='bbox 1067 2549 1171 2610; x_wconf 85' lang='lat' dir='ltr'><strong>deliciis</strong></span> <span class='ocrx_word' id='word_1_248' title='bbox 1191 2548 1286 2608; x_wconf 89' lang='lat' dir='ltr'><strong>eibum</strong></span> 
     </span>
     <span class='ocr_line' id='line_1_29' title="bbox 173 2627 1283 2709; baseline 0.001 -25"><span class='ocrx_word' id='word_1_249' title='bbox 173 2627 281 2685; x_wconf 88' lang='lat' dir='ltr'><strong>animae</strong></span> <span class='ocrx_word' id='word_1_250' title='bbox 300 2627 427 2706; x_wconf 87' lang='lat' dir='ltr'><strong>cupidius</strong></span> <span class='ocrx_word' id='word_1_251' title='bbox 447 2637 577 2709; x_wconf 88' lang='lat' dir='ltr'><strong>appetere</strong></span> <span class='ocrx_word' id='word_1_252' title='bbox 596 2629 684 2690; x_wconf 86' lang='lat' dir='ltr'><strong>discat</strong></span> <span class='ocrx_word' id='word_1_253' title='bbox 702 2649 788 2709; x_wconf 58' lang='lat' dir='ltr'><strong>pam</strong></span> <span class='ocrx_word' id='word_1_254' title='bbox 807 2636 840 2689; x_wconf 89' lang='lat' dir='ltr'><strong>ut</strong></span> <span class='ocrx_word' id='word_1_255' title='bbox 858 2636 957 2688; x_wconf 75' lang='lat' dir='ltr'><strong>ventm</strong></span> <span class='ocrx_word' id='word_1_256' title='bbox 980 2629 1022 2688; x_wconf 92' lang='lat' dir='ltr'><strong>illi</strong></span> <span class='ocrx_word' id='word_1_257' title='bbox 1045 2629 1082 2688; x_wconf 88' lang='lat' dir='ltr'><strong>sit</strong></span> <span class='ocrx_word' id='word_1_258' title='bbox 1100 2627 1283 2688; x_wconf 86' lang='lat' dir='ltr'><strong>obstaculum.</strong></span> 
     </span>
     <span class='ocr_line' id='line_1_30' title="bbox 118 2703 1284 2788; baseline 0.002 -26"><span class='ocrx_word' id='word_1_259' title='bbox 118 2723 131 2742; x_wconf 94' lang='lat'><strong>·</strong></span> <span class='ocrx_word' id='word_1_260' title='bbox 173 2703 230 2762; x_wconf 83' lang='lat' dir='ltr'><strong>Sed</strong></span> <span class='ocrx_word' id='word_1_261' title='bbox 250 2705 316 2784; x_wconf 90' lang='lat' dir='ltr'><strong>quia</strong></span> <span class='ocrx_word' id='word_1_262' title='bbox 335 2725 387 2764; x_wconf 88' lang='lat' dir='ltr'><strong>nos</strong></span> <span class='ocrx_word' id='word_1_263' title='bbox 407 2725 473 2765; x_wconf 88' lang='lat' dir='ltr'><strong>caro</strong></span> <span class='ocrx_word' id='word_1_264' title='bbox 492 2727 603 2788; x_wconf 86' lang='lat' dir='ltr'><strong>semper</strong></span> <span class='ocrx_word' id='word_1_265' title='bbox 621 2709 657 2769; x_wconf 90' lang='lat' dir='ltr'><strong>ad</strong></span> <span class='ocrx_word' id='word_1_266' title='bbox 676 2729 727 2768; x_wconf 91' lang='lat' dir='ltr'><strong>sua</strong></span> <span class='ocrx_word' id='word_1_267' title='bbox 746 2708 894 2768; x_wconf 89' lang='lat' dir='ltr'><strong>commoda</strong></span> <span class='ocrx_word' id='word_1_268' title='bbox 918 2707 1062 2786; x_wconf 83' lang='lat' dir='ltr'><strong>sollicitat,</strong></span> <span class='ocrx_word' id='word_1_269' title='bbox 1091 2707 1147 2768; x_wconf 89' lang='lat' dir='ltr'><strong>boe</strong></span> <span class='ocrx_word' id='word_1_270' title='bbox 1170 2725 1284 2787; x_wconf 89' lang='lat' dir='ltr'><strong>quoque</strong></span> 
     </span>
     <span class='ocr_line' id='line_1_31' title="bbox 172 2785 1284 2868; baseline 0.001 -26"><span class='ocrx_word' id='word_1_271' title='bbox 172 2801 269 2842; x_wconf 76' lang='lat' dir='ltr'><strong>numus</strong></span> <span class='ocrx_word' id='word_1_272' title='bbox 286 2785 443 2858; x_wconf 70' lang='lat' dir='ltr'><strong>nomadum</strong></span> <span class='ocrx_word' id='word_1_273' title='bbox 461 2793 518 2860; x_wconf 85' lang='lat' dir='ltr'><strong>ast,</strong></span> <span class='ocrx_word' id='word_1_274' title='bbox 536 2807 635 2846; x_wconf 89' lang='lat' dir='ltr'><strong>eorum</strong></span> <span class='ocrx_word' id='word_1_275' title='bbox 653 2807 751 2847; x_wconf 88' lang='lat' dir='ltr'><strong>curam</strong></span> <span class='ocrx_word' id='word_1_276' title='bbox 769 2793 871 2868; x_wconf 88' lang='lat' dir='ltr'><strong>sponte</strong></span> <span class='ocrx_word' id='word_1_277' title='bbox 894 2806 911 2846; x_wconf 89' lang='lat' dir='ltr'><strong>a</strong></span> <span class='ocrx_word' id='word_1_278' title='bbox 931 2785 1046 2848; x_wconf 83' lang='lat' dir='ltr'><strong>Christo</strong></span> <span class='ocrx_word' id='word_1_279' title='bbox 1063 2786 1167 2866; x_wconf 87' lang='lat' dir='ltr'><strong>suscipi</strong></span> <span class='ocrx_word' id='word_1_280' title='bbox 1186 2785 1234 2865; x_wconf 90' lang='lat' dir='ltr'><strong>qui</strong></span> <span class='ocrx_word' id='word_1_281' title='bbox 1252 2803 1284 2844; x_wconf 87' lang='lat' dir='ltr'><strong>sa</strong></span> 
     </span>
     <span class='ocr_line' id='line_1_32' title="bbox 169 2862 1284 2946; baseline 0.001 -25"><span class='ocrx_word' id='word_1_282' title='bbox 169 2864 249 2944; x_wconf 87' lang='lat' dir='ltr'><strong>ipsos</strong></span> <span class='ocrx_word' id='word_1_283' title='bbox 267 2862 420 2944; x_wconf 75' lang='lat' dir='ltr'><strong>negligunt.</strong></span> <span class='ocrx_word' id='word_1_284' title='bbox 469 2863 569 2944; x_wconf 87' lang='lat' dir='ltr'><strong>Neque</strong></span> <span class='ocrx_word' id='word_1_285' title='bbox 592 2867 667 2926; x_wconf 91' lang='lat' dir='ltr'><strong>enim</strong></span> <span class='ocrx_word' id='word_1_286' title='bbox 691 2872 836 2946; x_wconf 77' lang='lat' dir='ltr'><strong>exspectat</strong></span> <span class='ocrx_word' id='word_1_287' title='bbox 859 2865 927 2925; x_wconf 89' lang='lat' dir='ltr'><strong>dum</strong></span> <span class='ocrx_word' id='word_1_288' title='bbox 946 2865 1065 2926; x_wconf 76' lang='lat' dir='ltr'><strong>famelici</strong></span> <span class='ocrx_word' id='word_1_289' title='bbox 1083 2865 1235 2936; x_wconf 79' lang='lat' dir='ltr'><strong>inclament</strong></span> <span class='ocrx_word' id='word_1_290' title='bbox 1253 2882 1284 2922; x_wconf 87' lang='lat' dir='ltr'><strong>se</strong></span> 
     </span>
     <span class='ocr_line' id='line_1_33' title="bbox 171 2941 1283 3026; baseline -0.003 -24"><span class='ocrx_word' id='word_1_291' title='bbox 171 2941 263 3002; x_wconf 87' lang='lat' dir='ltr'><strong>inedia</strong></span> <span class='ocrx_word' id='word_1_292' title='bbox 282 2943 386 3022; x_wconf 80' lang='lat' dir='ltr'><strong>perire,</strong></span> <span class='ocrx_word' id='word_1_293' title='bbox 406 2962 531 3026; x_wconf 88' lang='lat' dir='ltr'><strong>nec-sup</strong></span> <span class='ocrx_word' id='word_1_294' title='bbox 568 2951 627 3004; x_wconf 90' lang='lat' dir='ltr'><strong>tere</strong></span> <span class='ocrx_word' id='word_1_295' title='bbox 646 2945 799 3024; x_wconf 91' lang='lat' dir='ltr'><strong>quicquam</strong></span> <span class='ocrx_word' id='word_1_296' title='bbox 818 2943 886 3017; x_wconf 89' lang='lat' dir='ltr'><strong>cibi,</strong></span> <span class='ocrx_word' id='word_1_297' title='bbox 905 2943 955 3003; x_wconf 90' lang='lat' dir='ltr'><strong>sed</strong></span> <span class='ocrx_word' id='word_1_298' title='bbox 974 2943 1067 3004; x_wconf 89' lang='lat' dir='ltr'><strong>cibum</strong></span> <span class='ocrx_word' id='word_1_299' title='bbox 1085 2943 1140 3001; x_wconf 93' lang='lat' dir='ltr'><strong>illis</strong></span> <span class='ocrx_word' id='word_1_300' title='bbox 1158 2961 1217 3002; x_wconf 90' lang='lat' dir='ltr'><strong>non</strong></span> <span class='ocrx_word' id='word_1_301' title='bbox 1236 2962 1283 2999; x_wconf 89' lang='lat' dir='ltr'><strong>ro-</strong></span> 
     </span>
     <span class='ocr_line' id='line_1_34' title="bbox 171 3019 1283 3104; baseline -0.002 -25"><span class='ocrx_word' id='word_1_302' title='bbox 171 3025 252 3100; x_wconf 72' lang='lat' dir='ltr'><strong>gatus</strong></span> <span class='ocrx_word' id='word_1_303' title='bbox 275 3027 365 3101; x_wconf 83' lang='lat' dir='ltr'><strong>parat</strong></span> <span class='ocrx_word' id='word_1_304' title='bbox 414 3021 498 3082; x_wconf 87' lang='lat' dir='ltr'><strong>Dicet</strong></span> <span class='ocrx_word' id='word_1_305' title='bbox 520 3025 620 3102; x_wconf 87' lang='lat' dir='ltr'><strong>a&#39;qnis</strong></span> <span class='ocrx_word' id='word_1_306' title='bbox 642 3041 700 3082; x_wconf 90' lang='lat' dir='ltr'><strong>non</strong></span> <span class='ocrx_word' id='word_1_307' title='bbox 725 3043 786 3084; x_wconf 88' lang='lat' dir='ltr'><strong>esse</strong></span> <span class='ocrx_word' id='word_1_308' title='bbox 809 3023 885 3082; x_wconf 89' lang='lat' dir='ltr'><strong>istud</strong></span> <span class='ocrx_word' id='word_1_309' title='bbox 907 3019 1174 3104; x_wconf 81' lang='lat' dir='ltr'><strong>perpetuomqnod</strong></span> <span class='ocrx_word' id='word_1_310' title='bbox 1196 3038 1283 3100; x_wconf 88' lang='lat' dir='ltr'><strong>saepe</strong></span> 
     </span>
     <span class='ocr_line' id='line_1_35' title="bbox 171 3099 1283 3182; baseline -0.002 -22"><span class='ocrx_word' id='word_1_311' title='bbox 171 3099 317 3160; x_wconf 84' lang='lat' dir='ltr'><strong>videamus</strong></span> <span class='ocrx_word' id='word_1_312' title='bbox 339 3101 414 3182; x_wconf 83' lang='lat' dir='ltr'><strong>pica,</strong></span> <span class='ocrx_word' id='word_1_313' title='bbox 444 3101 513 3161; x_wconf 87' lang='lat' dir='ltr'><strong>dum</strong></span> <span class='ocrx_word' id='word_1_314' title='bbox 534 3121 652 3182; x_wconf 86' lang='lat' dir='ltr'><strong>prorsus</strong></span> <span class='ocrx_word' id='word_1_315' title='bbox 673 3122 760 3182; x_wconf 76' lang='lat' dir='ltr'><strong>regno</strong></span> <span class='ocrx_word' id='word_1_316' title='bbox 784 3099 840 3162; x_wconf 87' lang='lat' dir='ltr'><strong>Dei</strong></span> <span class='ocrx_word' id='word_1_317' title='bbox 862 3109 929 3161; x_wconf 90' lang='lat' dir='ltr'><strong>sunt</strong></span> <span class='ocrx_word' id='word_1_318' title='bbox 952 3101 1066 3174; x_wconf 84' lang='lat' dir='ltr'><strong>addicti,</strong></span> <span class='ocrx_word' id='word_1_319' title='bbox 1093 3099 1166 3158; x_wconf 82' lang='lat' dir='ltr'><strong>ieme</strong></span> <span class='ocrx_word' id='word_1_320' title='bbox 1184 3101 1283 3158; x_wconf 58' lang='lat' dir='ltr'><strong>mmm</strong></span> 
     </span>
     <span class='ocr_line' id='line_1_36' title="bbox 105 3175 1284 3262; baseline -0.003 -21"><span class='ocrx_word' id='word_1_321' title='bbox 105 3189 108 3196; x_wconf 92' lang='lat'>&#39;</span> <span class='ocrx_word' id='word_1_322' title='bbox 171 3179 272 3241; x_wconf 87' lang='lat' dir='ltr'><strong>confici</strong></span> <span class='ocrx_word' id='word_1_323' title='bbox 291 3186 320 3241; x_wconf 91' lang='lat' dir='ltr'><strong>et</strong></span> <span class='ocrx_word' id='word_1_324' title='bbox 338 3180 542 3262; x_wconf 82' lang='lat' dir='ltr'><strong>propemodum</strong></span> <span class='ocrx_word' id='word_1_325' title='bbox 560 3179 710 3262; x_wconf 85' lang='lat' dir='ltr'><strong>tabescere.</strong></span> <span class='ocrx_word' id='word_1_326' title='bbox 748 3179 916 3262; x_wconf 82' lang='lat' dir='ltr'><strong>Respondes</strong></span> <span class='ocrx_word' id='word_1_327' title='bbox 936 3179 1089 3250; x_wconf 69' lang='lat' dir='ltr'><strong>Claristrmrq</strong></span> <span class='ocrx_word' id='word_1_328' title='bbox 1107 3175 1284 3250; x_wconf 80' lang='lat' dir='ltr'><strong>etiamsiboc</strong></span> 
     </span>
     <span class='ocr_line' id='line_1_37' title="bbox 170 3257 1282 3338; baseline -0.004 -18"><span class='ocrx_word' id='word_1_329' title='bbox 170 3259 257 3320; x_wconf 90' lang='lat' dir='ltr'><strong>modo</strong></span> <span class='ocrx_word' id='word_1_330' title='bbox 275 3257 361 3318; x_wconf 86' lang='lat' dir='ltr'><strong>fidem</strong></span> <span class='ocrx_word' id='word_1_331' title='bbox 380 3263 409 3318; x_wconf 86' lang='lat' dir='ltr'><strong>et</strong></span> <span class='ocrx_word' id='word_1_332' title='bbox 427 3259 602 3319; x_wconf 87' lang='lat' dir='ltr'><strong>tolerantiam</strong></span> <span class='ocrx_word' id='word_1_333' title='bbox 620 3267 747 3320; x_wconf 74' lang='lat' dir='ltr'><strong>uosbam</strong></span> <span class='ocrx_word' id='word_1_334' title='bbox 784 3259 885 3319; x_wconf 84' lang='lat' dir='ltr'><strong>robare</strong></span> <span class='ocrx_word' id='word_1_335' title='bbox 903 3258 981 3332; x_wconf 72' lang='lat' dir='ltr'><strong>velit,</strong></span> <span class='ocrx_word' id='word_1_336' title='bbox 1000 3257 1138 3338; x_wconf 80' lang='lat' dir='ltr'><strong>respicere</strong></span> <span class='ocrx_word' id='word_1_337' title='bbox 1155 3261 1282 3316; x_wconf 88' lang='lat' dir='ltr'><strong>tamene</strong></span> 
     </span>
     <span class='ocr_line' id='line_1_38' title="bbox 171 3281 1282 3420; baseline -0.005 -22"><span class='ocrx_word' id='word_1_338' title='bbox 171 3338 251 3398; x_wconf 89' lang='lat' dir='ltr'><strong>coelo</strong></span> <span class='ocrx_word' id='word_1_339' title='bbox 269 3345 397 3398; x_wconf 72' lang='lat' dir='ltr'><strong>noemam</strong></span> <span class='ocrx_word' id='word_1_340' title='bbox 415 3339 552 3420; x_wconf 86' lang='lat' dir='ltr'><strong>inopiam,</strong></span> <span class='ocrx_word' id='word_1_341' title='bbox 572 3343 601 3397; x_wconf 90' lang='lat' dir='ltr'><strong>et</strong></span> <span class='ocrx_word' id='word_1_342' title='bbox 620 3337 655 3397; x_wconf 92' lang='lat' dir='ltr'><strong>de</strong></span> <span class='ocrx_word' id='word_1_343' title='bbox 673 3358 707 3398; x_wconf 88' lang='lat' dir='ltr'><strong>ea</strong></span> <span class='ocrx_word' id='word_1_344' title='bbox 726 3281 897 3398; x_wconf 69' lang='lat' dir='ltr'><strong>sublevanda</strong></span> <span class='ocrx_word' id='word_1_345' title='bbox 915 3343 1056 3416; x_wconf 82' lang='lat' dir='ltr'><strong>quantum</strong></span> <span class='ocrx_word' id='word_1_346' title='bbox 1072 3334 1153 3394; x_wconf 90' lang='lat' dir='ltr'><strong>uobis</strong></span> <span class='ocrx_word' id='word_1_347' title='bbox 1167 3333 1282 3414; x_wconf 80' lang='lat' dir='ltr'><strong>expedit</strong></span> 
     </span>
     <span class='ocr_line' id='line_1_39' title="bbox 170 3411 1283 3560; baseline -0.004 -83"><span class='ocrx_word' id='word_1_348' title='bbox 170 3437 233 3560; x_wconf 76' lang='lat' dir='ltr'><strong>¹¹essse</strong></span> <span class='ocrx_word' id='word_1_349' title='bbox 256 3417 525 3560; x_wconf 52' lang='lat' dir='ltr'><strong>soffltmqesqnod</strong></span> <span class='ocrx_word' id='word_1_350' title='bbox 547 3423 642 3500; x_wconf 85' lang='lat' dir='ltr'><strong>eptem</strong></span> <span class='ocrx_word' id='word_1_351' title='bbox 665 3435 725 3478; x_wconf 84' lang='lat' dir='ltr'><strong>noa</strong></span> <span class='ocrx_word' id='word_1_352' title='bbox 748 3419 844 3478; x_wconf 86' lang='lat' dir='ltr'><strong>statim</strong></span> <span class='ocrx_word' id='word_1_353' title='bbox 867 3416 1020 3490; x_wconf 85' lang='lat' dir='ltr'><strong>succurrit,</strong></span> <span class='ocrx_word' id='word_1_354' title='bbox 1043 3415 1150 3495; x_wconf 87' lang='lat' dir='ltr'><strong>optima</strong></span> <span class='ocrx_word' id='word_1_355' title='bbox 1172 3411 1283 3473; x_wconf 83' lang='lat' dir='ltr'><strong>ratione</strong></span> 
     </span>
     <span class='ocr_line' id='line_1_40' title="bbox 182 3497 501 3560; baseline -0.013 0"><span class='ocrx_word' id='word_1_356' title='bbox 182 3499 272 3560; x_wconf 75' lang='lat' dir='ltr'><strong>’cebo</strong></span> <span class='ocrx_word' id='word_1_357' title='bbox 336 3503 366 3556; x_wconf 80' lang='lat' dir='ltr'><strong>ta</strong></span> <span class='ocrx_word' id='word_1_358' title='bbox 383 3497 394 3558; x_wconf 90' lang='lat' dir='ltr'><strong>i</strong></span> <span class='ocrx_word' id='word_1_359' title='bbox 442 3499 501 3557; x_wconf 87' lang='lat' dir='ltr'><strong>reri.</strong></span> 
     </span>
    </p>

    <p class='ocr_par' dir='ltr' id='par_1_4' title="bbox 169 3567 1282 3828">
     <span class='ocr_line' id='line_1_41' title="bbox 248 3567 1282 3658; baseline -0.008 -20"><span class='ocrx_word' id='word_1_360' title='bbox 248 3579 277 3638; x_wconf 87' lang='grc'><strong>3.</strong></span> <span class='ocrx_word' id='word_1_361' title='bbox 296 3578 435 3636; x_wconf 74' lang='lat' dir='ltr'><strong>Ammdit</strong></span> <span class='ocrx_word' id='word_1_362' title='bbox 455 3585 487 3638; x_wconf 78' lang='lat' dir='ltr'><strong>tn</strong></span> <span class='ocrx_word' id='word_1_363' title='bbox 505 3586 638 3638; x_wconf 73' lang='lat' dir='ltr'><strong>moseten.</strong></span> <span class='ocrx_word' id='word_1_364' title='bbox 657 3573 806 3636; x_wconf 74' lang='lat' dir='ltr'><strong>secessum</strong></span> <span class='ocrx_word' id='word_1_365' title='bbox 825 3572 924 3658; x_wconf 88' lang='lat' dir='ltr'><strong>procul</strong></span> <span class='ocrx_word' id='word_1_366' title='bbox 942 3567 1027 3633; x_wconf 86' lang='lat' dir='ltr'><strong>dubio</strong></span> <span class='ocrx_word' id='word_1_367' title='bbox 1095 3568 1190 3630; x_wconf 78' lang='lat' dir='ltr'><strong>nebat</strong></span> <span class='ocrx_word' id='word_1_368' title='bbox 1199 3568 1282 3630; x_wconf 84' lang='lat' dir='ltr'><strong>Chri·</strong></span> 
     </span>
     <span class='ocr_line' id='line_1_42' title="bbox 169 3751 927 3828; baseline -0.005 -34"><span class='ocrx_word' id='word_1_369' title='bbox 169 3754 235 3794; x_wconf 87' lang='lat' dir='ltr'><strong>cum</strong></span> <span class='ocrx_word' id='word_1_370' title='bbox 396 3779 403 3792; x_wconf 91' lang='lat'>.</span> <span class='ocrx_word' id='word_1_371' title='bbox 481 3754 531 3828; x_wconf 87' lang='lat' dir='ltr'><strong>qm</strong></span> <span class='ocrx_word' id='word_1_372' title='bbox 549 3753 557 3791; x_wconf 85' lang='lat' dir='ltr'><strong>r</strong></span> <span class='ocrx_word' id='word_1_373' title='bbox 597 3753 646 3812; x_wconf 89' lang='lat' dir='ltr'><strong>qm</strong></span> <span class='ocrx_word' id='word_1_374' title='bbox 665 3751 710 3792; x_wconf 89' lang='lat' dir='ltr'><strong>em</strong></span> <span class='ocrx_word' id='word_1_375' title='bbox 728 3751 762 3791; x_wconf 93' lang='lat' dir='ltr'><strong>co</strong></span> <span class='ocrx_word' id='word_1_376' title='bbox 854 3751 927 3812; x_wconf 86' lang='lat' dir='ltr'><strong>cepr</strong></span> 
     </span>
    </p>
   </div>
   <div class='ocr_carea' id='block_1_3' title="bbox 42 3803 1282 3888">
    <p class='ocr_par' dir='ltr' id='par_1_5' title="bbox 42 3803 1282 3888">
     <span class='ocr_line' id='line_1_43' title="bbox 42 3803 1282 3888; baseline -0.007 -14"><span class='ocrx_word' id='word_1_377' title='bbox 42 3866 45 3874; x_wconf 81' lang='grc'>,</span> <span class='ocrx_word' id='word_1_378' title='bbox 170 3811 220 3870; x_wconf 85' lang='lat' dir='ltr'><strong>sed</strong></span> <span class='ocrx_word' id='word_1_379' title='bbox 238 3813 344 3871; x_wconf 87' lang='lat' dir='ltr'><strong>interea</strong></span> <span class='ocrx_word' id='word_1_380' title='bbox 362 3811 438 3870; x_wconf 91' lang='lat' dir='ltr'><strong>aliud</strong></span> <span class='ocrx_word' id='word_1_381' title='bbox 456 3813 510 3872; x_wconf 81' lang='lat' dir='ltr'><strong>dmt</strong></span> <span class='ocrx_word' id='word_1_382' title='bbox 517 3810 573 3870; x_wconf 88' lang='lat' dir='ltr'><strong>Dei</strong></span> <span class='ocrx_word' id='word_1_383' title='bbox 582 3810 912 3871; x_wconf 88' lang='lat' dir='ltr'><strong>consiliumcuilibeuter</strong></span> <span class='ocrx_word' id='word_1_384' title='bbox 920 3807 1153 3888; x_wconf 82' lang='lat' dir='ltr'><strong>obsequutusest</strong></span> <span class='ocrx_word' id='word_1_385' title='bbox 1172 3803 1282 3886; x_wconf 83' lang='lat' dir='ltr'><strong>Quam-</strong></span> 
     </span>
    </p>
   </div>
   <div class='ocr_carea' id='block_1_4' title="bbox 82 3883 1284 4440">
    <p class='ocr_par' dir='ltr' id='par_1_6' title="bbox 82 3883 1284 4440">
     <span class='ocr_line' id='line_1_44' title="bbox 170 3883 1282 4023; baseline -0.003 -77"><span class='ocrx_word' id='word_1_386' title='bbox 170 3891 214 3946; x_wconf 83' lang='lat' dir='ltr'><strong>vis</strong></span> <span class='ocrx_word' id='word_1_387' title='bbox 232 3889 327 4023; x_wconf 70' lang='lat' dir='ltr'><strong>itaque</strong></span> <span class='ocrx_word' id='word_1_388' title='bbox 346 3889 495 3949; x_wconf 87' lang='lat' dir='ltr'><strong>hominum</strong></span> <span class='ocrx_word' id='word_1_389' title='bbox 513 3895 694 3984; x_wconf 79' lang='lat' dir='ltr'><strong>epnapectum</strong></span> <span class='ocrx_word' id='word_1_390' title='bbox 712 3888 829 3984; x_wconf 67' lang='lat' dir='ltr'><strong>lugeret,</strong></span> <span class='ocrx_word' id='word_1_391' title='bbox 847 3909 878 3950; x_wconf 90' lang='lat' dir='ltr'><strong>se</strong></span> <span class='ocrx_word' id='word_1_392' title='bbox 896 3895 990 3983; x_wconf 79' lang='lat' dir='ltr'><strong>tamen</strong></span> <span class='ocrx_word' id='word_1_393' title='bbox 1009 3883 1282 3982; x_wconf 64' lang='lat' dir='ltr'><strong>relutmpsleberri·</strong></span> 
     </span>
     <span class='ocr_line' id='line_1_45' title="bbox 82 3963 1284 4138; baseline -0.001 -35"><span class='ocrx_word' id='word_1_394' title='bbox 82 4041 87 4050; x_wconf 63' lang='lat'><em>=</em></span> <span class='ocrx_word' id='word_1_395' title='bbox 170 3973 286 4126; x_wconf 61' lang='lat' dir='ltr'><strong>eurr</strong></span> <span class='ocrx_word' id='word_1_396' title='bbox 300 3963 1284 4138; x_wconf 55' lang='lat' dir='ltr'><strong>surrectumrtrntuaphuuru</strong></span> 
     </span>
     <span class='ocr_line' id='line_1_46' title="bbox 170 4121 1281 4204; baseline -0.005 -21"><span class='ocrx_word' id='word_1_397' title='bbox 170 4125 256 4183; x_wconf 88' lang='lat' dir='ltr'><strong>etiem</strong></span> <span class='ocrx_word' id='word_1_398' title='bbox 274 4121 364 4181; x_wconf 82' lang='lat' dir='ltr'><strong>lamae</strong></span> <span class='ocrx_word' id='word_1_399' title='bbox 383 4123 527 4184; x_wconf 81' lang='lat' dir='ltr'><strong>celebritas</strong></span> <span class='ocrx_word' id='word_1_400' title='bbox 545 4143 583 4183; x_wconf 83' lang='lat' dir='ltr'><strong>ex</strong></span> <span class='ocrx_word' id='word_1_401' title='bbox 601 4125 736 4184; x_wconf 72' lang='lat' dir='ltr'><strong>mimula</strong></span> <span class='ocrx_word' id='word_1_402' title='bbox 754 4131 819 4185; x_wconf 84' lang='lat' dir='ltr'><strong>nata</strong></span> <span class='ocrx_word' id='word_1_403' title='bbox 838 4131 889 4199; x_wconf 69' lang='lat' dir='ltr'><strong>cst,</strong></span> <span class='ocrx_word' id='word_1_404' title='bbox 908 4141 995 4204; x_wconf 84' lang='lat' dir='ltr'><strong>quarn</strong></span> <span class='ocrx_word' id='word_1_405' title='bbox 1014 4143 1038 4184; x_wconf 88' lang='lat' dir='ltr'><strong>sr</strong></span> <span class='ocrx_word' id='word_1_406' title='bbox 1051 4127 1281 4182; x_wconf 65' lang='lat' dir='ltr'><strong>stmmctmme·</strong></span> 
     </span>
     <span class='ocr_line' id='line_1_47' title="bbox 171 4199 1283 4284; baseline -0.004 -22"><span class='ocrx_word' id='word_1_407' title='bbox 171 4203 219 4262; x_wconf 88' lang='lat' dir='ltr'><strong>dio</strong></span> <span class='ocrx_word' id='word_1_408' title='bbox 237 4203 301 4263; x_wconf 83' lang='lat' dir='ltr'><strong>foro</strong></span> <span class='ocrx_word' id='word_1_409' title='bbox 310 4199 470 4284; x_wconf 72' lang='lat' dir='ltr'><strong>Tiberiadis.</strong></span> <span class='ocrx_word' id='word_1_410' title='bbox 500 4201 597 4281; x_wconf 84' lang='lat' dir='ltr'><strong>Quare</strong></span> <span class='ocrx_word' id='word_1_411' title='bbox 615 4201 670 4262; x_wconf 84' lang='lat' dir='ltr'><strong>boe</strong></span> <span class='ocrx_word' id='word_1_412' title='bbox 688 4205 818 4284; x_wconf 80' lang='lat' dir='ltr'><strong>exemplo</strong></span> <span class='ocrx_word' id='word_1_413' title='bbox 838 4204 972 4263; x_wconf 88' lang='lat' dir='ltr'><strong>docemur</strong></span> <span class='ocrx_word' id='word_1_414' title='bbox 990 4202 1031 4261; x_wconf 90' lang='lat' dir='ltr'><strong>sic</strong></span> <span class='ocrx_word' id='word_1_415' title='bbox 1048 4217 1086 4260; x_wconf 82' lang='lat' dir='ltr'><strong>ex</strong></span> <span class='ocrx_word' id='word_1_416' title='bbox 1104 4199 1190 4260; x_wconf 83' lang='lat' dir='ltr'><strong>rebus</strong></span> <span class='ocrx_word' id='word_1_417' title='bbox 1207 4199 1283 4258; x_wconf 76' lang='lat' dir='ltr'><strong>nude</strong></span> 
     </span>
     <span class='ocr_line' id='line_1_48' title="bbox 172 4276 1283 4362; baseline -0.006 -19"><span class='ocrx_word' id='word_1_418' title='bbox 172 4281 287 4342; x_wconf 86' lang='lat' dir='ltr'><strong>consilia</strong></span> <span class='ocrx_word' id='word_1_419' title='bbox 310 4297 421 4362; x_wconf 87' lang='lat' dir='ltr'><strong>capere,</strong></span> <span class='ocrx_word' id='word_1_420' title='bbox 450 4287 483 4340; x_wconf 90' lang='lat' dir='ltr'><strong>ut</strong></span> <span class='ocrx_word' id='word_1_421' title='bbox 505 4287 599 4341; x_wconf 65' lang='lat' dir='ltr'><strong>umen</strong></span> <span class='ocrx_word' id='word_1_422' title='bbox 623 4282 646 4339; x_wconf 89' lang='lat' dir='ltr'><strong>si</strong></span> <span class='ocrx_word' id='word_1_423' title='bbox 668 4281 748 4341; x_wconf 88' lang='lat' dir='ltr'><strong>aliter</strong></span> <span class='ocrx_word' id='word_1_424' title='bbox 771 4281 896 4344; x_wconf 78' lang='lat' dir='ltr'><strong>sucoedit</strong></span> <span class='ocrx_word' id='word_1_425' title='bbox 914 4299 1001 4360; x_wconf 76' lang='lat' dir='ltr'><strong>quam</strong></span> <span class='ocrx_word' id='word_1_426' title='bbox 1018 4280 1182 4360; x_wconf 82' lang='lat' dir='ltr'><strong>putavimus</strong></span> <span class='ocrx_word' id='word_1_427' title='bbox 1199 4276 1283 4336; x_wconf 89' lang='lat' dir='ltr'><strong>nobis</strong></span> 
     </span>
     <span class='ocr_line' id='line_1_49' title="bbox 172 4355 1280 4440; baseline -0.005 -20"><span class='ocrx_word' id='word_1_428' title='bbox 172 4380 229 4426; x_wconf 89' lang='lat' dir='ltr'><strong>non</strong></span> <span class='ocrx_word' id='word_1_429' title='bbox 249 4361 350 4436; x_wconf 71' lang='lat' dir='ltr'><strong>dolent,</strong></span> <span class='ocrx_word' id='word_1_430' title='bbox 368 4361 541 4440; x_wconf 87' lang='lat' dir='ltr'><strong>superiorem</strong></span> <span class='ocrx_word' id='word_1_431' title='bbox 558 4379 620 4424; x_wconf 81' lang='lat' dir='ltr'><strong>csse</strong></span> <span class='ocrx_word' id='word_1_432' title='bbox 638 4355 732 4424; x_wconf 77' lang='lat' dir='ltr'><strong>bem</strong></span> <span class='ocrx_word' id='word_1_433' title='bbox 750 4363 801 4440; x_wconf 87' lang='lat' dir='ltr'><strong>qui</strong></span> <span class='ocrx_word' id='word_1_434' title='bbox 820 4361 915 4426; x_wconf 84' lang='lat' dir='ltr'><strong>omnia</strong></span> <span class='ocrx_word' id='word_1_435' title='bbox 924 4359 1085 4422; x_wconf 73' lang='lat' dir='ltr'><strong>moderetur</strong></span> <span class='ocrx_word' id='word_1_436' title='bbox 1093 4377 1147 4418; x_wconf 84' lang='lat' dir='ltr'><strong>suc</strong></span> <span class='ocrx_word' id='word_1_437' title='bbox 1155 4356 1280 4418; x_wconf 82' lang='lat' dir='ltr'><strong>arbitrio.</strong></span> 
     </span>
    </p>
   </div>
   <div class='ocr_carea' id='block_1_5' title="bbox 0 0 1424 4848">
    <p class='ocr_par' dir='ltr' id='par_1_7' title="bbox 0 0 1424 4848">
     <span class='ocr_line' id='line_1_50' title="bbox 0 0 1424 4848; baseline 0 3"><span class='ocrx_word' id='word_1_438' title='bbox 0 0 1424 4848; x_wconf 95' lang='lat' dir='ltr'><strong> </strong></span> 
     </span>
    </p>
   </div>
  </div>
 </body>
</html>
