2700 4844
437 205 567 288 essm·
585 207 696 280 xxm.
722 237 732 250 =

86 335 148 394 Usu
162 349 236 412 porr
248 327 499 390 Soddwururum.
537 323 592 386 llio
607 345 707 386 russas
726 325 804 388 velut
822 305 853 388 io
871 329 987 411 speculo
1008 215 1118 396 0⁰43?

20 415 100 487 imus,
118 428 200 492 qnam
219 407 353 468 deiorrnis
373 412 403 464 et
421 404 539 466 ooninsa
557 411 627 466 tuno
645 405 729 466 iirerit
748 403 890 468 scolene
911 411 1001 468 ruina.
1035 349 1119 472 didos
1190 443 1193 449 ·

20 493 138 552 lorlesiae
155 489 249 549 anima
267 492 325 546 esi:
343 483 410 544 fidei
429 483 499 544 nihil
517 485 606 564 magis
621 485 772 622 proprium
791 505 879 565 qnam
893 507 1059 564 consensus,
1074 491 1118 550 ni.

20 573 48 630 iil
65 571 145 650 magis
163 567 337 628 eontrarium
357 581 444 642 quam
462 567 562 622 seclae
607 562 620 621 l
664 570 759 626 autem
779 565 904 626 aesiders
922 587 1037 628 nroesm
1055 568 1119 644 fuit,

20 671 92 730 [num
109 645 267 730 posthabito
286 641 344 710 Dei
362 641 449 702 verbu
470 643 591 721 quisque
609 642 646 702 ad
665 661 716 702 sua
735 642 870 724 figmenta
890 645 1043 726 discipulos
1061 654 1118 708 trs·

20 736 90 790 reret.
125 726 224 807 Neque
243 724 318 784 enim
338 720 414 780 alind
438 727 567 780 sonuum
585 727 629 782 est
647 723 763 782 unitatis
781 724 927 784 vinculum
947 745 1034 806 quom
1053 728 1118 790 sim·
1214 791 1218 804 ,

20 807 71 867 »lex
88 813 116 868 et
187 806 253 864 uina
262 801 318 862 Dei
327 801 443 860 veritas:
462 799 497 860 ab
517 818 551 859 ea
570 799 739 880 simulatque
758 802 919 878 dissessum,
937 825 998 866 non
1015 806 1121 868 mirum

20 895 62 960 st,
88 887 111 946 si
152 884 259 946 ominus
284 879 477 962 quasilaeera
494 874 623 940 membra
640 877 699 940 huo
717 880 784 940 illue
805 881 1002 944 distrahantur.
1042 883 1119 965 Ergo

20 974 139 1026 solarum
162 965 242 1024 orio
264 958 474 1020 interludaeos
497 957 551 1018 init
569 956 652 1038 Legis
675 978 759 1020 somn
780 961 850 1025 telo,-
879 963 1119 1042 quemadmodum

20 1045 87 1106 imili
104 1061 192 1124 poena
242 1041 352 1100 ominus
376 1039 405 1098 in
424 1033 535 1116 Papatu
559 1036 635 1099 ullus
650 1045 699 1106 ¹est
717 981 796 1102 verli
821 1041 865 1100 sui
884 1041 1119 1121 profanationem,

28 1143 93 1184 unm
110 1123 193 1182 variis
212 1119 358 1182 homiuum
376 1115 518 1196 figmentis
537 1124 702 1196 corruptum
721 1116 802 1179 ioret.
832 1117 900 1198 Quo
916 1123 1005 1202 magis
1020 1123 1134 1184 limen·

20 1145 74 1262 lum
92 1209 142 1276 esi,
160 1221 199 1260 ne
214 1197 354 1260 horrenda
372 1196 463 1272 nobis,
483 1196 533 1275 qui
550 1187 737 1276 Euangelinnr'
755 1197 941 1273 obtendimus,
959 1203 1047 1262 instet
1065 1202 1120 1263 dis·

20 1283 104 1363 ipalio
122 1288 152 1341 et
168 1279 325 1340 luctuosior
343 1294 429 1356 quam
449 1293 522 1354 quae
541 1274 596 1334 luit
614 1275 644 1336 in
662 1273 787 1356 Papatn:
813 1279 892 1338 euius
911 1278 1015 1340 indicia
1034 1301 1121 1360 quae·

20 1365 69 1422 iarn
88 1365 228 1441 apparent.
257 1356 318 1418 Nee
336 1357 440 1422 mirum
460 1361 512 1426 est,
531 1374 620 1434 quum
639 1361 683 1416 tot
702 1355 793 1416 modis
812 1359 883 1418 iram
891 1355 1010 1420 Domini
1028 1361 1136 1441 ingre·

20 1439 93 1500 itudo
111 1445 206 1500 nostra
224 1440 372 1530 proponat.
394 1431 552 1526 'Caeterum
572 1433 729 1529 quamlibet
745 1434 841 1496 multis
854 1437 951 1532 saepis
965 1441 1124 1533 etmpoulis

20 1511 1015 1668 :mllitt‘tllittttttltttlssttlittlttt
1026 1526 1122 1660 ttlt

20 1679 67 1750 rit,
85 1673 238 1737 Eraelesiam
257 1657 421 1732 mirabiliter
439 1665 476 1728 ab
493 1667 609 1726 interitu
627 1667 745 1747 eripere,
764 1670 804 1730 ita
822 1672 882 1732 eius
901 1676 991 1751 gralia
1010 1695 1123 1758 semper

20 1774 65 1816 are
83 1752 227 1818 residuum
245 1745 361 1826 aliquod
380 1763 485 1806 semem
516 1741 591 1806 lieri
609 1751 686 1806 serto
703 1767 763 1806 non
781 1755 883 1826 potest,
904 1753 1035 1831 qninpiis
1044 1775 1136 1827 mn„

20 1835 78 1894 ibus
95 1833 126 1891 in
143 1829 230 1891 robus
248 1827 320 1887 adeo
338 1825 463 1885 uonlnsis
481 1824 625 1884 interdum
644 1824 761 1906 obrepat
780 1827 874 1906 alique
888 1825 1055 1924 desperatio,
1072 1834 1125 1894 reri

20 1916 136 1994 lypeom
154 1909 236 1972 illum
255 1924 400 1988 opponere
411 1923 489 1980 ,mox
508 1903 657 1977 meamus,
676 1901 843 1980 Dominum,
862 1908 912 1986 qni
930 1915 1028 1968 rutum
1038 1911 1125 1970 densa

20 2009 131 2054 rrorum
149 1989 200 2050 αι’
222 1991 281 2062 'ue‚
300 1987 330 2046 in
349 1990 429 2059 lunia
447 1983 579 2066 sangario
598 1985 844 2122 superstitionum,
868 1987 899 2046 in
918 1987 1017 2052 effreni
1036 1996 1124 2060 sesta-

20 2070 199 2135 nmlioeuiis
242 2061 371 2127 eclesiam
395 2081 476 2124 suam
494 2061 571 2144 apud
589 2061 623 2122 lo
643 2081 709 2122 aeos
734 2066 870 2142 servavit,
898 2061 955 2128 hoo
976 2087 1036 2128 nnn

20 2170 162 2225 amnium,
180 2154 214 2214 ot
231 2152 293 2208 tota
311 2147 341 2212 in
361 2141 430 2206 urbs
448 2148 589 2204 terrarum
609 2141 743 2205 deleatur.
774 2141 853 2204 Idem
871 2087 1125 2222 etiamsedffl

20 2235 129 2311 'sputus
146 2246 212 2290 osus
233 2244 323 2306 quum
341 2219 399 2282 illie
418 2239 518 2285 eversu
532 2218 589 2281 Dei
607 2221 696 2296 saltn,
717 2241 852 2304 oppressa
871 2224 968 2287 salutis
988 2226 1127 2302 ducum

20 2313 112 2370 eiecto
127 2307 235 2368 Christi
253 2299 465 2384 regno‚,palam
483 2301 644 2380 regnaverit
661 2303 701 2360 im
722 2302 800 2376 'stae
819 2299 899 2363 Deus
918 2310 1013 2364 umen
1032 2301 1127 2368 osuul-

20 2410 45 2450 is
64 2387 199 2468 reliquum
218 2383 350 2455 servavit,
369 2388 398 2442 et
416 2398 527 2460 semper
546 2375 653 2460 aliquid
670 2386 698 2440 tr
709 2381 756 2440 tioi
775 2381 859 2440 latuit
874 2379 1023 2463 subpaloa.
1047 2381 1138 2454 llaee¹

21 2467 134 2546 templa
158 2463 243 2525 simul
262 2461 391 2522 eonierre
410 2457 493 2518 valde
510 2465 554 2518 est
573 2459 650 2520 utile.
689 2457 782 2522 llodis
802 2480 891 2539 quum
916 2459 1077 2524 invehimur
1094 2461 1127 2526 in

21 2553 158 2624 ¹aprum,
186 2542 343 2610 reclamant
366 2531 535 2598 conducticii
557 2539 618 2600 sius
641 2541 768 2619 patroni,
796 2539 868 2600 nihil
893 2558 955 2600 esse
979 2539 1127 2604 absurdius
1239 2541 1243 2553 ’

21 2641 91 2686 uam
109 2623 187 2704 tingi,
204 2619 263 2682 Dei
271 2613 427 2680 Ecclesiam
447 2617 574 2698 pluribus
593 2618 712 2678 saeculis
720 2619 810 2702 ‚uuor
814 2637 935 2758 prorsus
945 2621 1128 2682 exstinetam:

21 2702 85 2762 nasi
105 2720 174 2762 vero
194 2699 348 2780 fingamus,
371 2697 483 2756 nullum
506 2695 593 2758 irrisae
616 2693 795 2776 superstitem
845 2717 880 2758 eo
900 2699 1054 2779 populum,
1078 2699 1139 2768 nii¹

22 2783 37 2842 l
59 2779 247 2842 delectionem
265 2775 390 2860 prolapsi
414 2782 493 2848 sunt,
522 2776 572 2854 qui
597 2773 735 2839 debebant
752 2797 858 2857 purum
876 2775 933 2836 Dei
953 2778 1065 2840 uultum
1082 2798 1139 2842 as·:

22 2879 112 2956 erere..
146 2855 207 2920 Nos
225 2877 294 2920 vero
313 2861 477 2994 comptam
497 2847 532 2914 ab
557 2853 612 2917 illis
631 2855 761 2934 tyrannis
779 2851 936 2918 &almum
954 2851 1040 2918 filisu
1059 2877 1141 2938 eon,

22 2938 414 3094 diddilrdrrdtlodildlllldm
432 3013 519 3074 luisse
607 3031 652 3072 em
662 3011 768 3074 Christi
778 3011 902 3077 duorum
924 3034 958 3078 ue
968 3016 1028 3076 eius
1038 3015 1129 3075 ovile:

23 3099 127 3175 mique
146 3091 300 3154 Ecclesiam
317 3090 404 3155 luisse
422 3091 528 3152 absoon
549 3097 616 3152 riam
635 3091 670 3150 ab
690 3091 838 3155 hominnm
852 3113 892 3154 os
923 3095 959 3168 ἐ,
983 3100 1130 3156 attamen

23 3181 112 3236 cotos
128 3193 201 3237 snos
220 3169 361 3232 Dominus
379 3171 446 3237 lieri
465 3171 607 3250 dispersos
626 3179 805 3250 agnosceret,
828 3177 859 3231 et
877 3171 1056 3254 absconditos
1076 3173 1130 3234 sub

23 3257 54 3314 is
75 3253 136 3314 suis
154 3252 274 3314 foveret.
313 3247 409 3328 Quum
434 3245 520 3310 stulte
539 3268 608 3308 vero
628 3248 768 3311 honorum
787 3251 877 3312 titulis
889 3252 1058 3334 ¹superbiant
1076 3249 1131 3312 Ρι-

23 3339 104 3408 terae,
130 3331 200 3392 hine
218 3335 304 3412 patet,
323 3325 401 3410 qnod
420 3329 489 3388 olim
508 3327 647 3388 iudaicam
666 3327 820 3391 monam
833 3349 899 3408 pron
918 3331 1026 3412 vulgus,
1039 3331 1131 3392 honri-

24 3431 73 3474 1m
93 3405 143 3472 vel
162 3411 250 3492 aliqui
268 3405 380 3489 privati,
403 3405 455 3468 sed
473 3407 527 3488 ipsi
547 3407 706 3468 sacerdotes
725 3409 884 3472 exitialibus
903 3409 1131 3476 dissirlimsside·

24 3495 80 3554 mt-
122 3485 222 3568 Quare
240 3507 300 3548 non
317 3494 370 3560 est,
390 3507 441 3548 eur
458 3486 571 3548 fortiter
588 3487 718 3548 resistere
737 3487 895 3549 dubitemm
905 3487 999 3568 Papus
1018 3489 1048 3550 et
1066 3509 1133 3552 sno·

24 3591 67 3630 rm
88 3571 221 3630 omnium
240 3567 429 3647 arrogantiae,
453 3566 624 3648 qrribosenm
642 3565 718 3628 idern
736 3567 872 3628 habemns
890 3573 1034 3630 eeriamen
1053 3568 1133 3648 quod

24 3647 169 3728 rophetae
188 3655 219 3708 et
236 3641 369 3727 Apostoli
388 3665 453 3706 oum
472 3648 572 3706 aetatis
597 3665 666 3706 suae
686 3643 888 3706 saoerdotibus
924 3646 1016 3707 Sionti
1035 3655 1133 3708 nutem

24 3730 118 3788 unctis
138 3725 207 3786 viris
225 3745 284 3786 non
304 3723 412 3786 obstitit
425 3719 568 3786 Ecclesiae
586 3725 750 3798 reverentia,
770 3727 921 3804 quominus
940 3723 1055 3806 impiam
1074 3744 1133 3788 ma·

25 3825 99 3866 rum
120 3803 299 3866 sseerdotum
317 3803 497 3884 tyrannidem
516 3810 667 3878 vexarent,
694 3805 732 3862 its
751 3823 805 3864 nos
823 3801 953 3864 inanibus
972 3801 1059 3868 larvis
1077 3811 1134 3864 ter-

25 3885 60 3945 ri
80 3904 141 3944 non
163 3883 252 3958 darer,
272 3879 374 3962 quilius
394 3903 425 3944 se
444 3881 581 3944 fallaciter
599 3883 745 3944 venditant
763 3881 903 3963 Papistue,
950 3903 1018 3944 unm
1037 3891 1135 3946 nmen

27 3963 120 4024 etatis
142 3961 298 4020 doctrinam
317 3959 475 4022 abiecerint.
516 3961 634 4022 Certum
654 3957 767 4042 quidem
786 3969 839 4038 est,
880 3983 916 4045 op
949 3983 999 4032 um
1016 3967 1085 4023 tuno
1103 3964 1135 4022 in

25 4062 62 4104 es
82 4046 179 4100 sectas
197 4033 284 4098 luisse
303 4040 433 4113 divisum,
452 4041 503 4102 sed
521 4041 678 4124 praeteritis
696 4035 835 4116 Essenis„
901 4043 1005 4116 rimans
1023 4047 1141 4104 lautom-

50 4115 240 4180 Sadducaeos
259 4111 353 4180 Lucas
373 4127 591 4197 commemorat,
615 4121 682 4201 qnia
701 4120 742 4180 sio
760 4118 869 4180 lustri
887 4122 948 4182 aas
966 4115 1135 4202 instituioni.

29 4217 186 4280 nonquam
204 4201 300 4258 summ
320 4197 356 4258 de
374 4200 534 4262 nominituo
552 4195 640 4280 volgo
659 4204 771 4280 recepta
790 4205 834 4258 est
853 4199 965 4280 opinio,
990 4201 1098 4282 priores
1117 4218 1136 4260 a

26 4280 188 4357 ¹pasrrstione
217 4281 337 4338 voestos
364 4295 442 4354 esse,
469 4279 547 4359 qnod
571 4297 603 4342 ss
626 4297 644 4340 a
667 4277 776 4357 reliquo
801 4295 890 4420 propp
900 4285 1023 4390 propter
1039 4277 1137 4344 delam

413 2935 487 2996 uisse
511 2933 651 3014 templum
669 2933 740 3008 Dei,
768 2941 801 2995 ut
819 2955 921 3016 parum
940 2955 958 2996 a
975 2955 1129 3016 poreornm
1241 2987 1247 3003 ,
