2818 4848
589 144 715 264 nerer
734 171 799 240 xa.
1187 190 1243 248 cst
1288 203 1292 214 ·

206 289 233 352 b
271 290 352 350 areu
375 307 453 370 ergo
475 309 556 351 rmrrs
575 312 612 350 ex
630 292 788 372 discipulis.
828 291 962 372 Sequitur
980 293 1064 358 Iudae
1082 297 1244 360 obmurmu-

118 371 207 440 ratio,
226 387 307 448 quam
316 365 481 426 Matthaeus
501 371 659 446 promiscue
674 371 825 452 discipulis,
845 371 956 432 Marcus
993 363 1246 438 uihnsdameorhm

120 447 227 508 tribuit
267 445 375 506 Verum
395 445 563 526 Scripturas
586 447 721 508 familiare
744 457 786 510 est
805 471 858 531 per
881 395 1078 530 spneuloeheu
1097 457 1131 516 ad
1151 458 1246 538 plrrres

120 527 269 588 tremissae
288 525 370 606 qnod
390 527 474 586 unius
495 532 538 586 est
556 527 603 586 vel
622 547 793 608 paucorum,
817 529 989 612 Quanquam
1008 533 1077 592 milri
1097 527 1245 598 resumite

117 613 170 682 cst,
189 626 321 666 murmur
341 624 360 664 a
380 605 443 664 solo
461 603 531 666 Inda
551 613 645 668 ortum
664 627 737 668 esse:
753 611 880 690 'reliquos
901 619 996 672 autem
1016 613 1102 674 luisse
1121 634 1243 676 commo-

115 693 160 746 tos
180 694 215 746 nt
234 686 263 746 ei
283 683 501 758 suhsedbemut,
519 691 553 746 nt
572 686 654 746 facile
672 695 716 748 est
734 691 855 750 susurris
874 693 954 770 quasi
973 691 1096 762 flabellis,
1108 695 1199 754 varios
1214 697 1243 754 in

113 765 198 826 nohis
217 765 344 860 allectus
363 763 489 823 merendi:
509 768 674 860 praesertim
693 787 773 864 ver-q,
793 775 828 836 nt
840 771 959 866 nimium
974 771 1010 866 ud
1025 760 1245 875 sinislraiu'dicia

112 842 739 1004 casamassancia
751 848 1045 1007 recasura
1052 841 1247 1010 tarra

117 1023 159 1064 nc
179 1001 326 1062 audiendis
345 1001 470 1084 malignis
490 1002 607 1064 vocibus
626 1005 743 1064 uiruiruu
763 1007 850 1066 uinus
870 1007 963 1066 faciles
983 1029 1017 1070 ae
1036 1009 1152 1073 creduli.

205 1083 233 1146 5.
273 1087 368 1156 Quare
384 1091 568 1164 unguentum
587 1085 642 1142 loe
660 1107 720 1163 uoq
740 1095 826 1151 curiit
846 1097 979 1148 trecerrtis
999 1090 1137 1150 dorsariis.
1162 1088 1246 1156 ,Vnt-

121 1163 197 1243 gsris
217 1161 350 1240 unguenti
367 1159 440 1220 libra
460 1161 556 1220 decem
574 1167 686 1222 tantum
706 1163 824 1227 denariis
838 1165 984 1232 constabat
994 1172 1063 1228 teste
1074 1165 1176 1240 Plinio,
1195 1169 1245 1228 sed

115 1241 679 1380 bfflffillllluiillellgiiifi
699 1243 773 1382 app
787 1245 887 1382 upon
900 1247 1245 1386 “i‘¹¹‘⁰⁵⁰i‘¹⁰·⁰‘³¹¹‘¹‘”

115 1363 301 1479 unguentum.
332 1397 434 1476 Quare
453 1419 511 1460 non
531 1400 581 1460 abs
601 1420 632 1459 re
651 1343 1246 1466 lpgdppslppmprqsrqdeppsppeenplpipuppppp

113 1485 186 1538 mat:
226 1498 301 1558 qnae
325 1479 494 1538 command
514 1481 583 1558 quin
606 1482 717 1559 nagiuta
736 1481 820 1540 libras
839 1483 1103 1546 monelacCallicae
1121 1505 1158 1546 cx
1178 1503 1243 1566 sup·

111 1557 261 1640 putatione
280 1557 392 1652 Budnci
411 1557 545 1652 ascendit.
585 1501 681 1618 l'orro
708 1581 796 1654 quma
815 1582 912 1622 onmes
932 1563 990 1622 lere
1008 1563 1125 1658 deliciae
1143 1563 1243 1629 lruuru
1291 1587 1293 1595 ·

112 1635 1243 1796 ‘iffitlbttnttttldttttttttttttttt,sitiat

111 1737 206 1856 hias-ia
226 1797 361 1872 exigam
375 1803 522 1877 sumptum
534 1799 722 1861 excusationis
731 1797 837 1878 aliquid
846 1797 971 1874 haberet,
989 1821 1065 1862 nunc
1075 1821 1143 1862 vero
1154 1821 1243 1884 quum

114 1877 145 1934 in
166 1895 200 1935 re
219 1874 289 1934 nihil
309 1875 460 1934 immanem
479 1877 616 1956 pecuniae
639 1896 779 1935 snnuuam
802 1878 966 1956 perdiderit,
995 1899 1089 1938 nonne
1113 1882 1243 1942 iniuriam

115 1955 186 2016 lecit
204 1954 386 2037 paupeuibus,
405 1957 455 2036 qni
474 1955 596 2014 multum
615 1955 680 2015 inde
699 1956 846 2018 levationis
866 1959 968 2018 sentire
987 1961 1137 2040 poterant?
1174 1957 1244 2018 Nul-

115 2035 176 2094 lam
196 2053 267 2116 ergo
288 2037 399 2096 veniam
417 2041 543 2096 meretur
561 2035 621 2094 eius
640 2035 755 2094 iactum.
1178 2073 1182 2096 .

194 2117 224 2178 6.
257 2119 339 2188 Quin
354 2117 411 2192 fur
429 2125 503 2176 erat.
543 2112 657 2195 Reliqui
675 2115 808 2176 Arestoli
832 2135 892 2174 non
916 2115 991 2176 malo
1011 2115 1125 2195 quidem
1149 2117 1244 2176 studio

111 2193 164 2254 sed
182 2194 395 2254 inconsiderate
405 2193 523 2253 hiarium
533 2193 675 2254 damnant.
719 2193 787 2254 udas
807 2202 901 2254 antem
917 2193 1015 2254 sceleri
1032 2194 1244 2254 suohonestum

111 2279 297 2368 praetextum
317 2279 424 2354 captat,
444 2294 534 2353 φιιιιιι
552 2292 689 2354 pauperes
708 2273 878 2344 inmedinm
892 2272 1015 2348 adducit,
1035 2273 1243 2352 quorumuulh

112 2351 156 2412 dli
175 2359 239 2412 erat
258 2371 336 2412 cura.
365 2351 512 2412 Docemur
530 2359 625 2412 autem
644 2353 699 2412 hoc
718 2355 851 2433 exenrplo
865 2372 950 2434 qnam
964 2359 1143 2412 monstruosa
1152 2353 1244 2412 bellua

118 2431 158 2490 sit
174 2430 299 2491 habendi
319 2431 469 2511 cupiditas:
489 2433 633 2506 dsurnunr,
652 2431 730 2512 qnod
750 2433 802 2492 sibi
823 2431 1138 2502 lecisseludasvidctur
1153 2431 1245 2494 ablata

119 2509 236 2570 functi
255 2513 382 2578 materia,
401 2511 563 2572 adtentum
582 2521 647 2582 erun
667 2511 772 2572 rabiem
791 2512 888 2593 adigit,
907 2519 939 2572 ut
959 2511 1106 2572 Christum
1124 2511 1245 2592 prodere

118 2609 180 2650 nou
200 2589 318 2650 dubitet.
356 2587 394 2650 Et
412 2589 544 2650 credibile
563 2597 605 2650 est
624 2612 683 2650 uon
702 2591 788 2652 modo
809 2593 883 2672 apud
903 2591 973 2652 alios
993 2593 1140 2652 mentitum
1160 2590 1245 2650 luisse

118 2669 155 2728 dc
173 2669 347 2751 pauperibus
366 2669 510 2742 fraudatis,
530 2671 579 2729 sed
599 2669 651 2728 sibi
671 2691 786 2750 quoque
805 2674 890 2744 iratus,
909 2679 942 2731 ut
956 2671 1124 2752 hypocritae
1142 2670 1244 2742 solent,

116 2747 278 2832 blanditum
297 2769 376 2824 esse,
395 2751 477 2830 quasi
495 2749 559 2808 lere
574 2749 707 2809 delictum
717 2758 790 2810 esset
800 2751 903 2812 Christi
913 2752 1046 2832 proditio,
1061 2771 1116 2830 qua
1127 2769 1244 2830 pensare

116 2828 232 2888 volebat
250 2835 401 2910 acceptum
422 2829 564 2888 dauruum.
594 2828 738 2890 Prodendi
758 2831 871 2911 quidem
887 2831 991 2890 Christi
1011 2851 1068 2890 uua
1082 2829 1137 2890 luit
1150 2847 1245 2905 causa,

115 2913 149 2968 nt
167 2907 305 2990 praedam
324 2929 342 2968 e
361 2907 490 2967 manibus
510 2908 632 2988 elapsam
652 2909 688 2968 ad
707 2929 738 2969 sc
758 2931 874 2990 quoquo
888 2911 975 2970 modo
987 2909 1150 2968 retraheret.
1171 2908 1245 2968 Nam

115 2995 258 3066 concepta
286 2987 324 3048 oh
354 2987 465 3047 lucrum
493 2989 628 3047 amissum
656 2989 808 3070 indignatio
834 3009 899 3048 eum
923 2989 959 3048 ad
983 2989 1120 3068 prodendi
1140 2987 1246 3048 Christi

116 3067 273 3126 consilium
290 3068 412 3147 impulit.
431 3067 535 3126 lilinum
554 3075 648 3127 antem
668 3076 712 3128 est
731 3089 782 3128 cur
801 3069 887 3126 talem
907 3087 1094 3126 oeconomum
1114 3067 1247 3145 delegerit

119 3145 268 3218 Christm,
287 3167 371 3224 quem
389 3145 494 3206 sciehat
511 3147 602 3206 iurem
622 3165 692 3206 esse.
723 3146 801 3224 Quid
821 3147 895 3204 enim
915 3147 971 3204 boc
985 3145 1140 3218 erataliud,
1160 3163 1246 3223 quarn

122 3225 267 3301 laqueum
322 3227 421 3304 uigere
439 3247 497 3306 qno
518 3247 548 3286 sc
567 3226 772 3306 strangularet?
792 3223 857 3283 Non
876 3231 919 3282 cst
935 3223 1246 3306 quodhicrespondeat

121 3301 257 3362 mortalis
280 3243 381 3374 llhmo,
407 3307 460 3364 nisi
478 3305 535 3366 Dei
559 3305 661 3366 indicia
685 3305 854 3384 profundam
874 3323 934 3360 csse
954 3303 1096 3381 abyssum.
1137 3301 1246 3362 hrterea

119 3381 233 3442 Christi
252 3379 361 3441 seuam
379 3383 405 3442 iu
423 3403 604 3445 communem
622 3385 750 3464 regulam
769 3383 842 3442 lrald
861 3401 919 3441 non
935 3381 1027 3454 debet,
1047 3389 1246 3460 utpauperum

118 3479 222 3520 curam
244 3459 384 3522 velaliud
398 3484 508 3524 sacrum
523 3484 626 3524 aurnuns
637 3463 801 3522 mandemus
810 3461 918 3522 bomini
929 3479 1051 3538 nequam
1060 3467 1089 3518 ct
1099 3459 1244 3516 scelerato.

118 3538 225 3622 legem
247 3541 323 3600 enim
342 3543 477 3623 imposuit
496 3544 577 3604 nobis
591 3543 681 3613 Deus,
701 3542 817 3622 quinam
836 3540 872 3600 ad
886 3538 1028 3600 Ecclesiae
1041 3537 1166 3618 regimen
1180 3535 1246 3596 alia·
1265 3597 1266 3602 ,

119 3637 179 3713 qqc
198 3619 293 3714 cilicia
312 3623 434 3718 pacandi
452 3625 521 3682 sint:
541 3623 614 3682 hauc
633 3621 787 3717 transgredi
806 3621 849 3718 las
864 3639 923 3714 aron
936 3623 989 3678 est.
1019 3616 1083 3676 Alia
1097 3617 1151 3710 fuit
1166 3613 1246 3694 Chri-

122 3705 350 3840 fflliila
364 3722 456 3842 tta
474 3702 922 3841 aillilluisihll‘fflffl’
952 3715 1070 3757 ”m
1088 3715 1149 3756 ‘¹¹¹⁸
1168 3713 1235 3776 ΡΜ

202 3855 232 3918 'l-
260 3865 331 3920 Siue
349 3883 423 3921 eum.
464 3803 563 3937 Caum
582 3861 699 3921 Mariam
724 3861 819 3944 omitti
834 3857 913 3918 iubet
932 3855 1075 3928 Christus,
1101 3875 1246 3934 perperam

74 3947 80 3966 ¹
120 3939 153 3993 et
171 3935 272 3997 iniuste
290 3939 384 4000 thuere
404 3941 496 4012 docet,
516 3944 566 4022 qui
584 3943 721 4022 proximis
741 3942 799 4000 suis
818 3939 878 3998 sine
899 3955 983 3997 causa
1002 3936 1116 3995 molesti
1134 3941 1200 3994 sunt
1213 3955 1247 3994 ac

118 4015 201 4074 litem
221 4016 255 4075 de
273 4017 364 4078 nihilo
384 4019 530 4082 inteutaut.
562 4019 687 4100 Longior
705 4027 750 4079 est
768 4019 846 4098 apud
859 4018 929 4078 alios
939 4014 1131 4096 Evangelistas
1141 4015 1247 4074 Christi
1282 4081 1284 4089 Ι

116 4098 284 4175 responsio,
310 4118 423 4160 summa
446 4107 541 4159 tamen
564 4102 671 4160 cadem.
713 4099 814 4158 Unctio
833 4117 920 4177 qnam
939 4095 1022 4155 lunias
1042 4093 1173 4174 culpabat
1194 4095 1248 4154 hoc

116 4175 233 4234 uomiue
252 4177 430 4252 detenditur,
455 4181 532 4258 quod
552 4181 588 4238 sit
607 4180 779 4274 sepulcralis.
823 4176 900 4257 Ergo
920 4197 976 4234 nou
998 4175 1098 4256 probat
1118 4175 1247 4234 Christus

116 4254 397 4331 quasiordinarium
416 4257 534 4332 cultum,
554 4264 582 4317 et
601 4279 682 4318 curus
702 4258 860 4318 communis
879 4257 908 4316 in
922 4253 1048 4319 Ecclesia
1068 4274 1130 4315 esso
1150 4253 1249 4312 debeat

118 4353 196 4394 usus.
228 4332 304 4396 Num
324 4337 347 4397 si
367 4337 492 4418 quotidie
511 4339 567 4398 talc
587 4337 638 4398 sibi
659 4337 784 4399 officium
803 4338 940 4418 praestari
960 4337 1053 4408 vellet,
1073 4333 1184 4412 quidvis
1200 4349 1248 4406 po-
