<?xml version="1.0" encoding="UTF-8"?>
<!DOCTYPE html PUBLIC "-//W3C//DTD XHTML 1.0 Transitional//EN"
    "http://www.w3.org/TR/xhtml1/DTD/xhtml1-transitional.dtd">
<html xmlns="http://www.w3.org/1999/xhtml" xml:lang="en" lang="en">
 <head>
  <title>
</title>
<meta http-equiv="Content-Type" content="text/html;charset=utf-8" />
  <meta name='ocr-system' content='tesseract 3.04.00' />
  <meta name='ocr-capabilities' content='ocr_page ocr_carea ocr_par ocr_line ocrx_word'/>
</head>
<body>
  <div class='ocr_page' id='page_1' title='image "./innovumtestamen00tholgoog_0279.png"; bbox 0 0 2818 4848; ppageno 0'>
   <div class='ocr_carea' id='block_1_1' title="bbox 166 125 949 220">
    <p class='ocr_par' dir='ltr' id='par_1_1' title="bbox 166 125 949 220">
     <span class='ocr_line' id='line_1_1' title="bbox 166 125 949 220; baseline -0.004 -1"><span class='ocrx_word' id='word_1_1' title='bbox 166 125 227 220; x_wconf 76' lang='lat' dir='ltr'><strong>ass</strong></span> <span class='ocrx_word' id='word_1_2' title='bbox 380 197 396 209; x_wconf 67' lang='grc'><strong>.,</strong></span> <span class='ocrx_word' id='word_1_3' title='bbox 548 149 589 216; x_wconf 86' lang='lat' dir='ltr'><strong>m</strong></span> <span class='ocrx_word' id='word_1_4' title='bbox 607 131 748 217; x_wconf 79' lang='lat' dir='ltr'><strong>erana.</strong></span> <span class='ocrx_word' id='word_1_5' title='bbox 768 145 897 216; x_wconf 75' lang='lat' dir='ltr'><strong>rosen.</strong></span> <span class='ocrx_word' id='word_1_6' title='bbox 944 150 949 160; x_wconf 57' lang='lat'>¹</span> 
     </span>
    </p>
   </div>
   <div class='ocr_carea' id='block_1_2' title="bbox 86 261 1390 4355">
    <p class='ocr_par' dir='ltr' id='par_1_2' title="bbox 108 261 1390 1528">
     <span class='ocr_line' id='line_1_2' title="bbox 161 261 1390 344; baseline -0.002 -15"><span class='ocrx_word' id='word_1_7' title='bbox 161 268 255 329; x_wconf 82' lang='lat' dir='ltr'><strong>&#39;trove</strong></span> <span class='ocrx_word' id='word_1_8' title='bbox 276 273 453 329; x_wconf 81' lang='lat' dir='ltr'><strong>momentum</strong></span> <span class='ocrx_word' id='word_1_9' title='bbox 478 261 626 326; x_wconf 58' lang='lat' dir='ltr'><strong>subituros*</strong></span> <span class='ocrx_word' id='word_1_10' title='bbox 642 271 719 340; x_wconf 80' lang='lat' dir='ltr'><strong>erat,</strong></span> <span class='ocrx_word' id='word_1_11' title='bbox 745 263 925 344; x_wconf 71' lang='lat' dir='ltr'><strong>magnificem</strong></span> <span class='ocrx_word' id='word_1_12' title='bbox 949 261 1100 344; x_wconf 79' lang='lat' dir='ltr'><strong>eniteatip</strong></span> <span class='ocrx_word' id='word_1_13' title='bbox 1119 269 1217 324; x_wconf 84' lang='lat' dir='ltr'><strong>morte</strong></span> <span class='ocrx_word' id='word_1_14' title='bbox 1234 279 1300 326; x_wconf 84' lang='lat' dir='ltr'><strong>ena</strong></span> <span class='ocrx_word' id='word_1_15' title='bbox 1389 263 1390 274; x_wconf 76' lang='grc'>’</span> 
     </span>
     <span class='ocr_line' id='line_1_3' title="bbox 108 339 1302 426; baseline -0.003 -20"><span class='ocrx_word' id='word_1_16' title='bbox 108 363 115 388; x_wconf 68' lang='lat' dir='ltr'><em>s</em></span> <span class='ocrx_word' id='word_1_17' title='bbox 170 347 271 422; x_wconf 84' lang='lat' dir='ltr'><strong>deone,</strong></span> <span class='ocrx_word' id='word_1_18' title='bbox 295 347 475 426; x_wconf 85' lang='lat' dir='ltr'><strong>quodetiam</strong></span> <span class='ocrx_word' id='word_1_19' title='bbox 493 345 641 426; x_wconf 85' lang='lat' dir='ltr'><strong>impletam</strong></span> <span class='ocrx_word' id='word_1_20' title='bbox 659 352 710 406; x_wconf 86' lang='lat' dir='ltr'><strong>est.</strong></span> <span class='ocrx_word' id='word_1_21' title='bbox 757 345 839 405; x_wconf 78' lang='lat' dir='ltr'><strong>Adeo</strong></span> <span class='ocrx_word' id='word_1_22' title='bbox 858 344 933 402; x_wconf 84' lang='lat' dir='ltr'><strong>enim</strong></span> <span class='ocrx_word' id='word_1_23' title='bbox 951 361 1007 402; x_wconf 89' lang='lat' dir='ltr'><strong>non</strong></span> <span class='ocrx_word' id='word_1_24' title='bbox 1024 339 1160 402; x_wconf 78' lang='lat' dir='ltr'><strong>obscurat</strong></span> <span class='ocrx_word' id='word_1_25' title='bbox 1179 343 1302 403; x_wconf 76' lang='lat' dir='ltr'><strong>Christi</strong></span> 
     </span>
     <span class='ocr_line' id='line_1_4' title="bbox 169 421 1301 508; baseline -0.006 -23"><span class='ocrx_word' id='word_1_26' title='bbox 169 423 332 506; x_wconf 52' lang='lat' dir='ltr'><strong>dimitatem</strong></span> <span class='ocrx_word' id='word_1_27' title='bbox 350 443 427 484; x_wconf 88' lang='lat' dir='ltr'><strong>mors</strong></span> <span class='ocrx_word' id='word_1_28' title='bbox 446 425 536 484; x_wconf 81' lang='lat' dir='ltr'><strong>crucis</strong></span> <span class='ocrx_word' id='word_1_29' title='bbox 555 443 640 504; x_wconf 85' lang='lat' dir='ltr'><strong>qoam</strong></span> <span class='ocrx_word' id='word_1_30' title='bbox 695 443 807 508; x_wconf 79' lang='lat' dir='ltr'><strong>rposem</strong></span> <span class='ocrx_word' id='word_1_31' title='bbox 826 442 856 504; x_wconf 82' lang='lat' dir='ltr'><strong>es</strong></span> <span class='ocrx_word' id='word_1_32' title='bbox 897 428 930 482; x_wconf 87' lang='lat' dir='ltr'><strong>ut</strong></span> <span class='ocrx_word' id='word_1_33' title='bbox 942 421 1301 504; x_wconf 66' lang='lat' dir='ltr'><strong>illiemaximepeinigoat‚</strong></span> 
     </span>
     <span class='ocr_line' id='line_1_5' title="bbox 147 444 1390 584; baseline -0.004 -20"><span class='ocrx_word' id='word_1_34' title='bbox 147 523 148 528; x_wconf 50' lang='lat'>¹</span> <span class='ocrx_word' id='word_1_35' title='bbox 170 511 309 584; x_wconf 86' lang='lat' dir='ltr'><strong>qnatenus</strong></span> <span class='ocrx_word' id='word_1_36' title='bbox 338 499 443 563; x_wconf 83' lang='lat' dir='ltr'><strong>scilieet</strong></span> <span class='ocrx_word' id='word_1_37' title='bbox 459 503 528 582; x_wconf 65' lang='grc'><strong>111110</strong></span> <span class='ocrx_word' id='word_1_38' title='bbox 552 444 720 563; x_wconf 67' lang='lat' dir='ltr'><strong>ineredididie</strong></span> <span class='ocrx_word' id='word_1_39' title='bbox 744 494 808 578; x_wconf 31' lang='lat' dir='ltr'><strong>eius,</strong></span> <span class='ocrx_word' id='word_1_40' title='bbox 828 520 907 560; x_wconf 88' lang='lat' dir='ltr'><strong>amor</strong></span> <span class='ocrx_word' id='word_1_41' title='bbox 926 519 992 582; x_wconf 72' lang='lat' dir='ltr'><strong>erge</strong></span> <span class='ocrx_word' id='word_1_42' title='bbox 1009 499 1164 580; x_wconf 72' lang='lat' dir='ltr'><strong>humanum</strong></span> <span class='ocrx_word' id='word_1_43' title='bbox 1185 520 1301 582; x_wconf 76' lang='lat' dir='ltr'><strong>genus,</strong></span> <span class='ocrx_word' id='word_1_44' title='bbox 1389 523 1390 570; x_wconf 76' lang='lat' dir='ltr'><strong>i</strong></span> 
     </span>
     <span class='ocr_line' id='line_1_6' title="bbox 169 577 1299 662; baseline -0.006 -19"><span class='ocrx_word' id='word_1_45' title='bbox 169 583 305 643; x_wconf 88' lang='lat' dir='ltr'><strong>immensa</strong></span> <span class='ocrx_word' id='word_1_46' title='bbox 323 584 384 642; x_wconf 81' lang='lat' dir='ltr'><strong>eius</strong></span> <span class='ocrx_word' id='word_1_47' title='bbox 403 581 508 642; x_wconf 81' lang='lat' dir='ltr'><strong>institia</strong></span> <span class='ocrx_word' id='word_1_48' title='bbox 526 583 557 640; x_wconf 93' lang='lat' dir='ltr'><strong>in</strong></span> <span class='ocrx_word' id='word_1_49' title='bbox 576 582 721 662; x_wconf 81' lang='lat' dir='ltr'><strong>expiando</strong></span> <span class='ocrx_word' id='word_1_50' title='bbox 733 586 851 662; x_wconf 86' lang='lat' dir='ltr'><strong>peccato</strong></span> <span class='ocrx_word' id='word_1_51' title='bbox 870 587 904 640; x_wconf 80' lang='lat' dir='ltr'><strong>et</strong></span> <span class='ocrx_word' id='word_1_52' title='bbox 917 581 959 638; x_wconf 86' lang='lat' dir='ltr'><strong>ira</strong></span> <span class='ocrx_word' id='word_1_53' title='bbox 978 577 1036 636; x_wconf 77' lang='lat' dir='ltr'><strong>Dei</strong></span> <span class='ocrx_word' id='word_1_54' title='bbox 1051 580 1203 660; x_wconf 83' lang='lat' dir='ltr'><strong>placanda,</strong></span> <span class='ocrx_word' id='word_1_55' title='bbox 1221 581 1299 638; x_wconf 68' lang='lat' dir='ltr'><strong>:nri-</strong></span> 
     </span>
     <span class='ocr_line' id='line_1_7' title="bbox 170 657 1298 738; baseline -0.005 -16"><span class='ocrx_word' id='word_1_56' title='bbox 170 661 248 722; x_wconf 87' lang='lat' dir='ltr'><strong>rifieo</strong></span> <span class='ocrx_word' id='word_1_57' title='bbox 266 662 332 720; x_wconf 81' lang='lat' dir='ltr'><strong>eins¹</strong></span> <span class='ocrx_word' id='word_1_58' title='bbox 344 663 434 722; x_wconf 77' lang='lat' dir='ltr'><strong>vir-tus</strong></span> <span class='ocrx_word' id='word_1_59' title='bbox 453 661 482 720; x_wconf 92' lang='lat' dir='ltr'><strong>in</strong></span> <span class='ocrx_word' id='word_1_60' title='bbox 495 661 632 732; x_wconf 81' lang='lat' dir='ltr'><strong>vincenda</strong></span> <span class='ocrx_word' id='word_1_61' title='bbox 644 667 744 736; x_wconf 70' lang='lat' dir='ltr'><strong>morte,</strong></span> <span class='ocrx_word' id='word_1_62' title='bbox 759 659 867 728; x_wconf 51' lang='lat' dir='ltr'><strong>*Saarna</strong></span> <span class='ocrx_word' id='word_1_63' title='bbox 887 657 1051 738; x_wconf 76' lang='lat' dir='ltr'><strong>subigendo,</strong></span> <span class='ocrx_word' id='word_1_64' title='bbox 1068 659 1298 737; x_wconf 74' lang='lat' dir='ltr'><strong>coetisdeniqne</strong></span> 
     </span>
     <span class='ocr_line' id='line_1_8' title="bbox 170 737 1296 898; baseline -0.002 -22"><span class='ocrx_word' id='word_1_65' title='bbox 170 739 617 898; x_wconf 52' lang='lat' dir='ltr'><strong>ttifflttttttttiit</strong></span> <span class='ocrx_word' id='word_1_66' title='bbox 633 737 1296 884; x_wconf 49' lang='grc' dir='ltr'><strong>1111111111ἓὲἳζϋέἑὲιιὲῗῖἷεξέἑίξ</strong></span> 
     </span>
     <span class='ocr_line' id='line_1_9' title="bbox 171 859 1297 976; baseline -0.002 -21"><span class='ocrx_word' id='word_1_67' title='bbox 171 885 321 976; x_wconf 78' lang='lat' dir='ltr'><strong>conspiret,</strong></span> <span class='ocrx_word' id='word_1_68' title='bbox 340 893 478 957; x_wconf 77' lang='lat' dir='ltr'><strong>sitamcn</strong></span> <span class='ocrx_word' id='word_1_69' title='bbox 497 859 603 956; x_wconf 74' lang='lat' dir='ltr'><strong>sineere</strong></span> <span class='ocrx_word' id='word_1_70' title='bbox 622 902 650 954; x_wconf 89' lang='lat' dir='ltr'><strong>et</strong></span> <span class='ocrx_word' id='word_1_71' title='bbox 669 903 706 955; x_wconf 78' lang='lat' dir='ltr'><strong>ex</strong></span> <span class='ocrx_word' id='word_1_72' title='bbox 725 897 818 954; x_wconf 87' lang='lat' dir='ltr'><strong>animo</strong></span> <span class='ocrx_word' id='word_1_73' title='bbox 836 893 1008 956; x_wconf 73' lang='lat' dir='ltr'><strong>servire‘Dei</strong></span> <span class='ocrx_word' id='word_1_74' title='bbox 1027 894 1133 974; x_wconf 76' lang='lat' dir='ltr'><strong>gloriae</strong></span> <span class='ocrx_word' id='word_1_75' title='bbox 1152 893 1297 954; x_wconf 85' lang='lat' dir='ltr'><strong>stndoeri-</strong></span> 
     </span>
     <span class='ocr_line' id='line_1_10' title="bbox 170 972 1297 1055; baseline -0.004 -21"><span class='ocrx_word' id='word_1_76' title='bbox 170 993 244 1048; x_wconf 85' lang='lat' dir='ltr'><strong>mns,</strong></span> <span class='ocrx_word' id='word_1_77' title='bbox 263 974 445 1048; x_wconf 76' lang='lat' dir='ltr'><strong>dubitandum</strong></span> <span class='ocrx_word' id='word_1_78' title='bbox 463 995 524 1039; x_wconf 86' lang='lat' dir='ltr'><strong>non</strong></span> <span class='ocrx_word' id='word_1_79' title='bbox 539 982 585 1039; x_wconf 84' lang='lat' dir='ltr'><strong>est</strong></span> <span class='ocrx_word' id='word_1_80' title='bbox 603 976 672 1055; x_wconf 76' lang='lat' dir='ltr'><strong>qna</strong></span> <span class='ocrx_word' id='word_1_81' title='bbox 690 976 750 1054; x_wconf 86' lang='lat' dir='ltr'><strong>ipse</strong></span> <span class='ocrx_word' id='word_1_82' title='bbox 768 974 970 1038; x_wconf 69' lang='lat' dir='ltr'><strong>vitissimam</strong></span> <span class='ocrx_word' id='word_1_83' title='bbox 987 973 1136 1053; x_wconf 67' lang='lat' dir='ltr'><strong>glorificet.</strong></span> <span class='ocrx_word' id='word_1_84' title='bbox 1181 972 1297 1046; x_wconf 81' lang='lat' dir='ltr'><strong>Conso-</strong></span> 
     </span>
     <span class='ocr_line' id='line_1_11' title="bbox 170 1051 1296 1148; baseline -0.003 -36"><span class='ocrx_word' id='word_1_85' title='bbox 170 1051 305 1120; x_wconf 81' lang='lat' dir='ltr'><strong>lationem</strong></span> <span class='ocrx_word' id='word_1_86' title='bbox 329 1053 560 1134; x_wconf 20' lang='lat' dir='ltr'><strong>angetvchristns</strong></span> <span class='ocrx_word' id='word_1_87' title='bbox 584 1073 600 1112; x_wconf 90' lang='lat' dir='ltr'><strong>a</strong></span> <span class='ocrx_word' id='word_1_88' title='bbox 620 1053 926 1148; x_wconf 74' lang='lat' dir='ltr'><strong>temporiebrevitate,</strong></span> <span class='ocrx_word' id='word_1_89' title='bbox 955 1071 1047 1134; x_wconf 80' lang='lat' dir='ltr'><strong>quum</strong></span> <span class='ocrx_word' id='word_1_90' title='bbox 1071 1051 1127 1111; x_wconf 87' lang='lat' dir='ltr'><strong>hoc</strong></span> <span class='ocrx_word' id='word_1_91' title='bbox 1151 1060 1296 1134; x_wconf 64' lang='lat' dir='ltr'><strong>continere</strong></span> 
     </span>
     <span class='ocr_line' id='line_1_12' title="bbox 171 1127 1295 1230; baseline -0.004 -38"><span class='ocrx_word' id='word_1_92' title='bbox 171 1131 234 1192; x_wconf 81' lang='lat' dir='ltr'><strong>iore</strong></span> <span class='ocrx_word' id='word_1_93' title='bbox 262 1133 409 1230; x_wconf 76' lang='lat' dir='ltr'><strong>promittit.</strong></span> <span class='ocrx_word' id='word_1_94' title='bbox 452 1131 544 1192; x_wconf 84' lang='lat' dir='ltr'><strong>Porro</strong></span> <span class='ocrx_word' id='word_1_95' title='bbox 568 1131 787 1211; x_wconf 75' lang='lat' dir='ltr'><strong>tametar&#39;gloria</strong></span> <span class='ocrx_word' id='word_1_96' title='bbox 805 1129 875 1191; x_wconf 88' lang='lat' dir='ltr'><strong>haec</strong></span> <span class='ocrx_word' id='word_1_97' title='bbox 894 1149 912 1190; x_wconf 88' lang='lat' dir='ltr'><strong>a</strong></span> <span class='ocrx_word' id='word_1_98' title='bbox 932 1127 1207 1210; x_wconf 80' lang='lat' dir='ltr'><strong>die&#39;r&#39;esnrrectionis</strong></span> <span class='ocrx_word' id='word_1_99' title='bbox 1227 1146 1295 1187; x_wconf 91' lang='lat' dir='ltr'><strong>coe-</strong></span> 
     </span>
     <span class='ocr_line' id='line_1_13' title="bbox 171 1209 1297 1293; baseline -0.003 -23"><span class='ocrx_word' id='word_1_100' title='bbox 171 1211 224 1293; x_wconf 86' lang='lat' dir='ltr'><strong>pit,</strong></span> <span class='ocrx_word' id='word_1_101' title='bbox 241 1210 288 1271; x_wconf 77' lang='lat' dir='ltr'><strong>hie</strong></span> <span class='ocrx_word' id='word_1_102' title='bbox 306 1218 401 1272; x_wconf 88' lang='lat' dir='ltr'><strong>tamen</strong></span> <span class='ocrx_word' id='word_1_103' title='bbox 420 1213 541 1271; x_wconf 82' lang='lat' dir='ltr'><strong>maxime</strong></span> <span class='ocrx_word' id='word_1_104' title='bbox 560 1218 683 1285; x_wconf 85' lang='lat' dir='ltr'><strong>notetur,</strong></span> <span class='ocrx_word' id='word_1_105' title='bbox 702 1231 775 1290; x_wconf 83' lang='lat' dir='ltr'><strong>qnae</strong></span> <span class='ocrx_word' id='word_1_106' title='bbox 793 1212 1013 1289; x_wconf 85' lang='lat' dir='ltr'><strong>continuo-post</strong></span> <span class='ocrx_word' id='word_1_107' title='bbox 1030 1215 1150 1288; x_wconf 51' lang='lat' dir='ltr'><strong>¹seeqnnta</strong></span> <span class='ocrx_word' id='word_1_108' title='bbox 1170 1214 1215 1268; x_wconf 82' lang='lat' dir='ltr'><strong>est</strong></span> <span class='ocrx_word' id='word_1_109' title='bbox 1229 1209 1297 1274; x_wconf 75' lang='lat' dir='ltr'><strong>eine</strong></span> 
     </span>
     <span class='ocr_line' id='line_1_14' title="bbox 131 1287 1390 1372; baseline -0.002 -22"><span class='ocrx_word' id='word_1_110' title='bbox 131 1319 134 1326; x_wconf 88' lang='lat'>·</span> <span class='ocrx_word' id='word_1_111' title='bbox 172 1292 346 1372; x_wconf 72' lang='lat' dir='ltr'><strong>propagatio,</strong></span> <span class='ocrx_word' id='word_1_112' title='bbox 365 1309 455 1370; x_wconf 84' lang='lat' dir='ltr'><strong>qnam</strong></span> <span class='ocrx_word' id='word_1_113' title='bbox 473 1298 600 1360; x_wconf 74' lang='lat' dir='ltr'><strong>morinos</strong></span> <span class='ocrx_word' id='word_1_114' title='bbox 619 1291 754 1351; x_wconf 72' lang='lat' dir='ltr'><strong>suadens</strong></span> <span class='ocrx_word' id='word_1_115' title='bbox 773 1287 919 1368; x_wconf 68' lang='lat' dir='ltr'><strong>Evangelii</strong></span> <span class='ocrx_word' id='word_1_116' title='bbox 936 1287 1102 1367; x_wconf 78' lang='lat' dir='ltr'><strong>etiipiritns</strong></span> <span class='ocrx_word' id='word_1_117' title='bbox 1120 1288 1165 1353; x_wconf 84' lang='lat' dir='ltr'><strong>sni</strong></span> <span class='ocrx_word' id='word_1_118' title='bbox 1184 1288 1297 1351; x_wconf 78' lang='lat' dir='ltr'><strong>virtute</strong></span> <span class='ocrx_word' id='word_1_119' title='bbox 1389 1349 1390 1360; x_wconf 50' lang='grc'>,</span> 
     </span>
     <span class='ocr_line' id='line_1_15' title="bbox 172 1365 1295 1450; baseline -0.004 -22"><span class='ocrx_word' id='word_1_120' title='bbox 172 1389 280 1429; x_wconf 83' lang='lat' dir='ltr'><strong>novom</strong></span> <span class='ocrx_word' id='word_1_121' title='bbox 305 1369 357 1428; x_wconf 93' lang='lat' dir='ltr'><strong>sibi</strong></span> <span class='ocrx_word' id='word_1_122' title='bbox 375 1370 513 1450; x_wconf 84' lang='lat' dir='ltr'><strong>populum</strong></span> <span class='ocrx_word' id='word_1_123' title='bbox 532 1371 645 1430; x_wconf 85' lang='lat' dir='ltr'><strong>creavit.</strong></span> <span class='ocrx_word' id='word_1_124' title='bbox 693 1366 845 1446; x_wconf 89' lang='lat' dir='ltr'><strong>Proprium</strong></span> <span class='ocrx_word' id='word_1_125' title='bbox 867 1369 942 1426; x_wconf 89' lang='lat' dir='ltr'><strong>enim</strong></span> <span class='ocrx_word' id='word_1_126' title='bbox 961 1369 1058 1428; x_wconf 80' lang='lat' dir='ltr'><strong>mortis</strong></span> <span class='ocrx_word' id='word_1_127' title='bbox 1077 1365 1181 1427; x_wconf 77' lang='lat' dir='ltr'><strong>Christi</strong></span> <span class='ocrx_word' id='word_1_128' title='bbox 1200 1365 1295 1435; x_wconf 79' lang='lat' dir='ltr'><strong>deone</strong></span> 
     </span>
     <span class='ocr_line' id='line_1_16' title="bbox 174 1445 1008 1528; baseline -0.005 -19"><span class='ocrx_word' id='word_1_129' title='bbox 174 1453 218 1509; x_wconf 85' lang='lat' dir='ltr'><strong>est</strong></span> <span class='ocrx_word' id='word_1_130' title='bbox 235 1445 351 1520; x_wconf 73' lang='lat' dir='ltr'><strong>sactes,</strong></span> <span class='ocrx_word' id='word_1_131' title='bbox 371 1451 420 1528; x_wconf 88' lang='lat' dir='ltr'><strong>qni</strong></span> <span class='ocrx_word' id='word_1_132' title='bbox 438 1450 504 1508; x_wconf 91' lang='lat' dir='ltr'><strong>inde</strong></span> <span class='ocrx_word' id='word_1_133' title='bbox 522 1449 646 1507; x_wconf 88' lang='lat' dir='ltr'><strong>manavit</strong></span> <span class='ocrx_word' id='word_1_134' title='bbox 664 1448 694 1505; x_wconf 91' lang='lat' dir='ltr'><strong>in</strong></span> <span class='ocrx_word' id='word_1_135' title='bbox 713 1445 833 1514; x_wconf 80' lang='lat' dir='ltr'><strong>salntem</strong></span> <span class='ocrx_word' id='word_1_136' title='bbox 853 1445 1008 1505; x_wconf 88' lang='lat' dir='ltr'><strong>hominum.</strong></span> 
     </span>
    </p>

    <p class='ocr_par' dir='ltr' id='par_1_3' title="bbox 174 1523 1390 2785">
     <span class='ocr_line' id='line_1_17' title="bbox 251 1523 1292 1606; baseline -0.005 -17"><span class='ocrx_word' id='word_1_137' title='bbox 251 1529 299 1589; x_wconf 80' lang='lat'><strong>33.</strong></span> <span class='ocrx_word' id='word_1_138' title='bbox 318 1529 429 1602; x_wconf 67' lang='lat' dir='ltr'><strong>lilioli,</strong></span> <span class='ocrx_word' id='word_1_139' title='bbox 447 1530 542 1588; x_wconf 77' lang='lat' dir='ltr'><strong>odino</strong></span> <span class='ocrx_word' id='word_1_140' title='bbox 556 1527 718 1606; x_wconf 78' lang='lat' dir='ltr'><strong>poniotom.</strong></span> <span class='ocrx_word' id='word_1_141' title='bbox 758 1523 834 1602; x_wconf 85' lang='lat' dir='ltr'><strong>Quia</strong></span> <span class='ocrx_word' id='word_1_142' title='bbox 848 1525 915 1586; x_wconf 80' lang='lat' dir='ltr'><strong>iieri</strong></span> <span class='ocrx_word' id='word_1_143' title='bbox 933 1531 991 1584; x_wconf 82' lang='lat' dir='ltr'><strong>non</strong></span> <span class='ocrx_word' id='word_1_144' title='bbox 1008 1530 1120 1605; x_wconf 84' lang='lat' dir='ltr'><strong>poterat</strong></span> <span class='ocrx_word' id='word_1_145' title='bbox 1137 1525 1292 1604; x_wconf 41' lang='lat' dir='ltr'><strong>qnmwgra</strong></span> 
     </span>
     <span class='ocr_line' id='line_1_18' title="bbox 174 1603 1294 1686; baseline -0.005 -21"><span class='ocrx_word' id='word_1_146' title='bbox 174 1605 289 1665; x_wconf 63' lang='lat' dir='ltr'><strong>vicimo</strong></span> <span class='ocrx_word' id='word_1_147' title='bbox 307 1623 436 1666; x_wconf 87' lang='lat' dir='ltr'><strong>moerore</strong></span> <span class='ocrx_word' id='word_1_148' title='bbox 456 1603 606 1686; x_wconf 77' lang='lat' dir='ltr'><strong>discipulos</strong></span> <span class='ocrx_word' id='word_1_149' title='bbox 625 1603 748 1664; x_wconf 84' lang='lat' dir='ltr'><strong>afficeret</strong></span> <span class='ocrx_word' id='word_1_150' title='bbox 771 1605 898 1683; x_wconf 82' lang='lat' dir='ltr'><strong>magistri</strong></span> <span class='ocrx_word' id='word_1_151' title='bbox 917 1605 1069 1678; x_wconf 71' lang='lat' dir='ltr'>discessus,</span> <span class='ocrx_word' id='word_1_152' title='bbox 1092 1603 1161 1666; x_wconf 77' lang='lat' dir='ltr'><strong>ideo:</strong></span> <span class='ocrx_word' id='word_1_153' title='bbox 1180 1608 1294 1662; x_wconf 82' lang='lat' dir='ltr'><strong>matare</strong></span> 
     </span>
     <span class='ocr_line' id='line_1_19' title="bbox 174 1678 1296 1776; baseline -0.006 -32"><span class='ocrx_word' id='word_1_154' title='bbox 174 1690 339 1764; x_wconf 77' lang='lat' dir='ltr'><strong>praemonet</strong></span> <span class='ocrx_word' id='word_1_155' title='bbox 358 1705 388 1744; x_wconf 86' lang='lat' dir='ltr'><strong>so</strong></span> <span class='ocrx_word' id='word_1_156' title='bbox 407 1705 465 1744; x_wconf 91' lang='lat' dir='ltr'><strong>non</strong></span> <span class='ocrx_word' id='word_1_157' title='bbox 483 1685 610 1744; x_wconf 86' lang='lat' dir='ltr'><strong>futorum</strong></span> <span class='ocrx_word' id='word_1_158' title='bbox 628 1702 694 1743; x_wconf 89' lang='lat' dir='ltr'><strong>cnm</strong></span> <span class='ocrx_word' id='word_1_159' title='bbox 716 1683 773 1742; x_wconf 85' lang='lat' dir='ltr'><strong>illis</strong></span> <span class='ocrx_word' id='word_1_160' title='bbox 793 1683 911 1757; x_wconf 84' lang='lat' dir='ltr'><strong>diutius,</strong></span> <span class='ocrx_word' id='word_1_161' title='bbox 937 1683 1083 1762; x_wconf 81' lang='lat' dir='ltr'><strong>simulque</strong></span> <span class='ocrx_word' id='word_1_162' title='bbox 1106 1681 1236 1776; x_wconf 68' lang='lat' dir='ltr'><strong>portatur</strong></span> <span class='ocrx_word' id='word_1_163' title='bbox 1255 1678 1296 1738; x_wconf 90' lang='lat' dir='ltr'><strong>ad</strong></span> 
     </span>
     <span class='ocr_line' id='line_1_20' title="bbox 174 1759 1390 1844; baseline -0.005 -23"><span class='ocrx_word' id='word_1_164' title='bbox 174 1762 345 1844; x_wconf 85' lang='lat' dir='ltr'><strong>patientiam.</strong></span> <span class='ocrx_word' id='word_1_165' title='bbox 386 1761 552 1836; x_wconf 76' lang='lat' dir='ltr'><strong>Postremo,</strong></span> <span class='ocrx_word' id='word_1_166' title='bbox 580 1768 613 1821; x_wconf 90' lang='lat' dir='ltr'><strong>ut</strong></span> <span class='ocrx_word' id='word_1_167' title='bbox 637 1759 720 1822; x_wconf 89' lang='lat' dir='ltr'><strong>tollat</strong></span> <span class='ocrx_word' id='word_1_168' title='bbox 746 1764 976 1844; x_wconf 84' lang='lat' dir='ltr'><strong>intempestivum</strong></span> <span class='ocrx_word' id='word_1_169' title='bbox 1001 1761 1130 1822; x_wconf 83' lang='lat' dir='ltr'><strong>desideni</strong></span> <span class='ocrx_word' id='word_1_170' title='bbox 1154 1759 1295 1830; x_wconf 85' lang='lat' dir='ltr'><strong>ardorem,</strong></span> <span class='ocrx_word' id='word_1_171' title='bbox 1389 1763 1390 1772; x_wconf 75' lang='grc'>’</span> 
     </span>
     <span class='ocr_line' id='line_1_21' title="bbox 176 1835 1390 1923; baseline -0.004 -23"><span class='ocrx_word' id='word_1_172' title='bbox 176 1859 226 1900; x_wconf 90' lang='lat' dir='ltr'><strong>eos</strong></span> <span class='ocrx_word' id='word_1_173' title='bbox 245 1848 328 1921; x_wconf 83' lang='lat' dir='ltr'><strong>negat</strong></span> <span class='ocrx_word' id='word_1_174' title='bbox 345 1843 440 1902; x_wconf 77' lang='lat' dir='ltr'><strong>statim</strong></span> <span class='ocrx_word' id='word_1_175' title='bbox 459 1841 648 1923; x_wconf 71' lang='lat' dir='ltr'><strong>posseseqni.</strong></span> <span class='ocrx_word' id='word_1_176' title='bbox 689 1841 814 1902; x_wconf 76' lang='lat' dir='ltr'><strong>Fittotos</strong></span> <span class='ocrx_word' id='word_1_177' title='bbox 831 1835 1295 1918; x_wconf 72' lang='lat' dir='ltr'><strong>vocando,blandr‘ista&#39;itppeiia-</strong></span> <span class='ocrx_word' id='word_1_178' title='bbox 1389 1909 1390 1918; x_wconf 9' lang='grc' dir='ltr'>χ</span> 
     </span>
     <span class='ocr_line' id='line_1_22' title="bbox 176 1915 1390 2000; baseline -0.005 -21"><span class='ocrx_word' id='word_1_179' title='bbox 176 1921 253 1980; x_wconf 85' lang='lat' dir='ltr'><strong>tione</strong></span> <span class='ocrx_word' id='word_1_180' title='bbox 272 1939 330 1980; x_wconf 90' lang='lat' dir='ltr'><strong>non</strong></span> <span class='ocrx_word' id='word_1_181' title='bbox 349 1920 413 1980; x_wconf 89' lang='lat' dir='ltr'><strong>ideo</strong></span> <span class='ocrx_word' id='word_1_182' title='bbox 431 1915 467 1981; x_wconf 88' lang='lat' dir='ltr'><strong>&#39;se</strong></span> <span class='ocrx_word' id='word_1_183' title='bbox 486 1920 522 1978; x_wconf 85' lang='lat' dir='ltr'><strong>ab</strong></span> <span class='ocrx_word' id='word_1_184' title='bbox 545 1919 600 1978; x_wconf 91' lang='lat' dir='ltr'><strong>illis</strong></span> <span class='ocrx_word' id='word_1_185' title='bbox 619 1921 739 1998; x_wconf 82' lang='lat' dir='ltr'><strong>migrare</strong></span> <span class='ocrx_word' id='word_1_186' title='bbox 759 1915 855 1993; x_wconf 83' lang='lat' dir='ltr'><strong>docet,</strong></span> <span class='ocrx_word' id='word_1_187' title='bbox 885 1921 951 2000; x_wconf 86' lang='lat' dir='ltr'><strong>quia</strong></span> <span class='ocrx_word' id='word_1_188' title='bbox 974 1919 1071 1978; x_wconf 87' lang='lat' dir='ltr'><strong>minus·</strong></span> <span class='ocrx_word' id='word_1_189' title='bbox 1091 1915 1176 1986; x_wconf 67' lang='lat' dir='ltr'><strong>curet?</strong></span> <span class='ocrx_word' id='word_1_190' title='bbox 1194 1931 1299 1975; x_wconf 84' lang='lat' dir='ltr'><strong>eornm</strong></span> <span class='ocrx_word' id='word_1_191' title='bbox 1389 1937 1390 1946; x_wconf 50' lang='lat'>¹</span> 
     </span>
     <span class='ocr_line' id='line_1_23' title="bbox 177 1985 1298 2080; baseline -0.006 -22"><span class='ocrx_word' id='word_1_192' title='bbox 177 1997 305 2072; x_wconf 82' lang='lat' dir='ltr'><strong>salntem,</strong></span> <span class='ocrx_word' id='word_1_193' title='bbox 325 2019 413 2078; x_wconf 88' lang='lat' dir='ltr'><strong>quum</strong></span> <span class='ocrx_word' id='word_1_194' title='bbox 432 1999 582 2060; x_wconf 85' lang='lat' dir='ltr'><strong>tenerrime</strong></span> <span class='ocrx_word' id='word_1_195' title='bbox 601 1999 678 2080; x_wconf 90' lang='lat' dir='ltr'><strong>ipsos</strong></span> <span class='ocrx_word' id='word_1_196' title='bbox 697 2005 781 2059; x_wconf 87' lang='lat' dir='ltr'><strong>amet.</strong></span> <span class='ocrx_word' id='word_1_197' title='bbox 805 1997 898 2058; x_wconf 79' lang='lat' dir='ltr'><strong>Indixit</strong></span> <span class='ocrx_word' id='word_1_198' title='bbox 917 1985 1032 2076; x_wconf 81' lang='lat' dir='ltr'><strong>quidem</strong></span> <span class='ocrx_word' id='word_1_199' title='bbox 1043 2013 1155 2056; x_wconf 81' lang='lat' dir='ltr'><strong>earnem</strong></span> <span class='ocrx_word' id='word_1_200' title='bbox 1167 1997 1298 2054; x_wconf 70' lang='lat' dir='ltr'><strong>hodiem</strong></span> 
     </span>
     <span class='ocr_line' id='line_1_24' title="bbox 176 2074 1298 2156; baseline -0.01 -16"><span class='ocrx_word' id='word_1_201' title='bbox 176 2076 207 2140; x_wconf 82' lang='lat' dir='ltr'><strong>in</strong></span> <span class='ocrx_word' id='word_1_202' title='bbox 225 2077 301 2136; x_wconf 89' lang='lat' dir='ltr'><strong>huno</strong></span> <span class='ocrx_word' id='word_1_203' title='bbox 320 2077 405 2137; x_wconf 86' lang='lat' dir='ltr'><strong>finem</strong></span> <span class='ocrx_word' id='word_1_204' title='bbox 424 2085 456 2138; x_wconf 89' lang='lat' dir='ltr'><strong>nt</strong></span> <span class='ocrx_word' id='word_1_205' title='bbox 474 2078 562 2137; x_wconf 86' lang='lat' dir='ltr'><strong>frater</strong></span> <span class='ocrx_word' id='word_1_206' title='bbox 580 2084 677 2136; x_wconf 84' lang='lat' dir='ltr'><strong>noster</strong></span> <span class='ocrx_word' id='word_1_207' title='bbox 695 2080 745 2156; x_wconf 84' lang='lat' dir='ltr'><strong>sit,</strong></span> <span class='ocrx_word' id='word_1_208' title='bbox 771 2078 819 2136; x_wconf 85' lang='lat' dir='ltr'><strong>sed</strong></span> <span class='ocrx_word' id='word_1_209' title='bbox 844 2079 876 2136; x_wconf 91' lang='lat' dir='ltr'><strong>in</strong></span> <span class='ocrx_word' id='word_1_210' title='bbox 894 2077 944 2135; x_wconf 90' lang='lat' dir='ltr'><strong>illo</strong></span> <span class='ocrx_word' id='word_1_211' title='bbox 964 2077 1052 2136; x_wconf 86' lang='lat' dir='ltr'><strong>altero</strong></span> <span class='ocrx_word' id='word_1_212' title='bbox 1071 2076 1183 2134; x_wconf 90' lang='lat' dir='ltr'><strong>nomine</strong></span> <span class='ocrx_word' id='word_1_213' title='bbox 1203 2074 1298 2131; x_wconf 89' lang='lat' dir='ltr'><strong>maio&#39;r</strong></span> 
     </span>
     <span class='ocr_line' id='line_1_25' title="bbox 177 2151 1390 2236; baseline -0.007 -21"><span class='ocrx_word' id='word_1_214' title='bbox 177 2158 281 2216; x_wconf 88' lang='lat' dir='ltr'><strong>amoris</strong></span> <span class='ocrx_word' id='word_1_215' title='bbox 309 2157 485 2216; x_wconf 74' lang='lat' dir='ltr'><strong>vehementia</strong></span> <span class='ocrx_word' id='word_1_216' title='bbox 514 2157 690 2236; x_wconf 84' lang='lat' dir='ltr'><strong>exprimitur.</strong></span> <span class='ocrx_word' id='word_1_217' title='bbox 738 2155 826 2232; x_wconf 83' lang='lat' dir='ltr'><strong>Quod</strong></span> <span class='ocrx_word' id='word_1_218' title='bbox 848 2175 880 2214; x_wconf 84' lang='lat' dir='ltr'><strong>so</strong></span> <span class='ocrx_word' id='word_1_219' title='bbox 905 2155 979 2234; x_wconf 90' lang='lat' dir='ltr'><strong>apnd</strong></span> <span class='ocrx_word' id='word_1_220' title='bbox 994 2158 1204 2233; x_wconf 74' lang='lat' dir='ltr'><strong>&#39;&#39;eosrepeteae</strong></span> <span class='ocrx_word' id='word_1_221' title='bbox 1223 2151 1297 2208; x_wconf 85' lang='lat' dir='ltr'><strong>dicit</strong></span> <span class='ocrx_word' id='word_1_222' title='bbox 1389 2221 1390 2226; x_wconf 8' lang='grc' dir='ltr'>η</span> 
     </span>
     <span class='ocr_line' id='line_1_26' title="bbox 178 2228 1296 2328; baseline -0.005 -34"><span class='ocrx_word' id='word_1_223' title='bbox 178 2235 339 2314; x_wconf 77' lang='lat' dir='ltr'><strong>(prodente</strong></span> <span class='ocrx_word' id='word_1_224' title='bbox 357 2235 466 2294; x_wconf 86' lang='lat' dir='ltr'><strong>iudaeis</strong></span> <span class='ocrx_word' id='word_1_225' title='bbox 486 2236 594 2294; x_wconf 77' lang='lat' dir='ltr'><strong>dixerat</strong></span> <span class='ocrx_word' id='word_1_226' title='bbox 612 2234 687 2314; x_wconf 78' lang='lat' dir='ltr'><strong>(sup.</strong></span> <span class='ocrx_word' id='word_1_227' title='bbox 698 2235 727 2307; x_wconf 83' lang='lat'><strong>7,</strong></span> <span class='ocrx_word' id='word_1_228' title='bbox 740 2235 817 2311; x_wconf 67' lang='lat' dir='ltr'><strong>¹(td),</strong></span> <span class='ocrx_word' id='word_1_229' title='bbox 836 2239 878 2292; x_wconf 90' lang='lat' dir='ltr'><strong>est</strong></span> <span class='ocrx_word' id='word_1_230' title='bbox 897 2231 1176 2328; x_wconf 75' lang='lat' dir='ltr'><strong>quidem‘id&#39;vernrd</strong></span> <span class='ocrx_word' id='word_1_231' title='bbox 1195 2228 1296 2313; x_wconf 78' lang='lat' dir='ltr'><strong>qnoad</strong></span> 
     </span>
     <span class='ocr_line' id='line_1_27' title="bbox 178 2311 1297 2392; baseline -0.005 -20"><span class='ocrx_word' id='word_1_232' title='bbox 178 2313 265 2373; x_wconf 77' lang='lat' dir='ltr'><strong>verba</strong></span> <span class='ocrx_word' id='word_1_233' title='bbox 285 2313 382 2374; x_wconf 90' lang='lat' dir='ltr'><strong>sedin</strong></span> <span class='ocrx_word' id='word_1_234' title='bbox 401 2333 486 2374; x_wconf 87' lang='lat' dir='ltr'><strong>sensu</strong></span> <span class='ocrx_word' id='word_1_235' title='bbox 505 2315 652 2373; x_wconf 79' lang='lat' dir='ltr'><strong>discrimen</strong></span> <span class='ocrx_word' id='word_1_236' title='bbox 671 2319 722 2374; x_wconf 85' lang='lat' dir='ltr'><strong>cst.</strong></span> <span class='ocrx_word' id='word_1_237' title='bbox 760 2311 852 2392; x_wconf 80' lang='lat' dir='ltr'><strong>Negat</strong></span> <span class='ocrx_word' id='word_1_238' title='bbox 870 2331 946 2372; x_wconf 89' lang='lat' dir='ltr'><strong>emm</strong></span> <span class='ocrx_word' id='word_1_239' title='bbox 965 2331 1013 2371; x_wconf 90' lang='lat' dir='ltr'><strong>eos</strong></span> <span class='ocrx_word' id='word_1_240' title='bbox 1032 2313 1110 2390; x_wconf 84' lang='lat' dir='ltr'><strong>sequi</strong></span> <span class='ocrx_word' id='word_1_241' title='bbox 1126 2327 1228 2390; x_wconf 84' lang='lat' dir='ltr'><strong>posse,</strong></span> <span class='ocrx_word' id='word_1_242' title='bbox 1258 2313 1297 2366; x_wconf 85' lang='lat' dir='ltr'><strong>nt</strong></span> 
     </span>
     <span class='ocr_line' id='line_1_28' title="bbox 178 2379 1300 2485; baseline -0.005 -34"><span class='ocrx_word' id='word_1_243' title='bbox 178 2393 363 2485; x_wconf 78' lang='lat' dir='ltr'><strong>temporalem</strong></span> <span class='ocrx_word' id='word_1_244' title='bbox 381 2393 425 2450; x_wconf 88' lang='lat' dir='ltr'><strong>sui</strong></span> <span class='ocrx_word' id='word_1_245' title='bbox 444 2392 596 2451; x_wconf 72' lang='lat' dir='ltr'><strong>absentiam</strong></span> <span class='ocrx_word' id='word_1_246' title='bbox 609 2410 705 2470; x_wconf 57' lang='lat' dir='ltr'><strong>⁸nequo</strong></span> <span class='ocrx_word' id='word_1_247' title='bbox 725 2393 818 2452; x_wconf 88' lang='lat' dir='ltr'><strong>animo</strong></span> <span class='ocrx_word' id='word_1_248' title='bbox 837 2391 938 2466; x_wconf 83' lang='lat' dir='ltr'><strong>ferant,</strong></span> <span class='ocrx_word' id='word_1_249' title='bbox 962 2397 992 2452; x_wconf 92' lang='lat' dir='ltr'><strong>et</strong></span> <span class='ocrx_word' id='word_1_250' title='bbox 1011 2391 1090 2470; x_wconf 82' lang='lat' dir='ltr'><strong>quasi</strong></span> <span class='ocrx_word' id='word_1_251' title='bbox 1106 2389 1220 2450; x_wconf 74' lang='lat' dir='ltr'><strong>trenam</strong></span> <span class='ocrx_word' id='word_1_252' title='bbox 1238 2379 1300 2446; x_wconf 79' lang='lat' dir='ltr'><strong>iliis</strong></span> 
     </span>
     <span class='ocr_line' id='line_1_29' title="bbox 179 2467 1340 2550; baseline -0.003 -22"><span class='ocrx_word' id='word_1_253' title='bbox 179 2471 267 2528; x_wconf 82' lang='lat' dir='ltr'><strong>iniimt</strong></span> <span class='ocrx_word' id='word_1_254' title='bbox 285 2477 317 2529; x_wconf 91' lang='lat' dir='ltr'><strong>ut</strong></span> <span class='ocrx_word' id='word_1_255' title='bbox 336 2489 366 2530; x_wconf 86' lang='lat' dir='ltr'><strong>se</strong></span> <span class='ocrx_word' id='word_1_256' title='bbox 386 2473 546 2530; x_wconf 78' lang='lat' dir='ltr'><strong>contineant</strong></span> <span class='ocrx_word' id='word_1_257' title='bbox 564 2472 594 2528; x_wconf 87' lang='lat' dir='ltr'><strong>in</strong></span> <span class='ocrx_word' id='word_1_258' title='bbox 614 2471 732 2529; x_wconf 89' lang='lat' dir='ltr'><strong>statione</strong></span> <span class='ocrx_word' id='word_1_259' title='bbox 752 2490 811 2544; x_wconf 81' lang='lat' dir='ltr'><strong>sua,</strong></span> <span class='ocrx_word' id='word_1_260' title='bbox 831 2471 922 2530; x_wconf 88' lang='lat' dir='ltr'><strong>donec</strong></span> <span class='ocrx_word' id='word_1_261' title='bbox 940 2467 1300 2530; x_wconf 78' lang='lat' dir='ltr'><strong>militiamsnaminterra</strong></span> <span class='ocrx_word' id='word_1_262' title='bbox 1331 2527 1340 2550; x_wconf 83' lang='lat'><strong>.</strong></span> 
     </span>
     <span class='ocr_line' id='line_1_30' title="bbox 180 2543 1390 2628; baseline -0.005 -20"><span class='ocrx_word' id='word_1_263' title='bbox 180 2548 392 2626; x_wconf 84' lang='lat' dir='ltr'><strong>eompleverint.</strong></span> <span class='ocrx_word' id='word_1_264' title='bbox 440 2548 506 2609; x_wconf 90' lang='lat' dir='ltr'><strong>Non</strong></span> <span class='ocrx_word' id='word_1_265' title='bbox 534 2551 544 2606; x_wconf 95' lang='lat' dir='ltr'><strong>i</strong></span> <span class='ocrx_word' id='word_1_266' title='bbox 564 2549 619 2606; x_wconf 90' lang='lat' dir='ltr'><strong>&#39;tur</strong></span> <span class='ocrx_word' id='word_1_267' title='bbox 644 2568 692 2607; x_wconf 87' lang='lat' dir='ltr'><strong>eos</strong></span> <span class='ocrx_word' id='word_1_268' title='bbox 717 2551 745 2612; x_wconf 85' lang='lat' dir='ltr'><strong>in</strong></span> <span class='ocrx_word' id='word_1_269' title='bbox 765 2557 932 2628; x_wconf 87' lang='lat' dir='ltr'><strong>perpetuum</strong></span> <span class='ocrx_word' id='word_1_270' title='bbox 952 2555 1028 2608; x_wconf 88' lang='lat' dir='ltr'><strong>arcet</strong></span> <span class='ocrx_word' id='word_1_271' title='bbox 1046 2565 1063 2604; x_wconf 91' lang='lat' dir='ltr'><strong>a</strong></span> <span class='ocrx_word' id='word_1_272' title='bbox 1082 2565 1169 2626; x_wconf 78' lang='lat' dir='ltr'><strong>regno</strong></span> <span class='ocrx_word' id='word_1_273' title='bbox 1189 2543 1246 2604; x_wconf 87' lang='lat' dir='ltr'><strong>Dei</strong></span> <span class='ocrx_word' id='word_1_274' title='bbox 1264 2549 1301 2602; x_wconf 85' lang='lat' dir='ltr'><strong>nt</strong></span> <span class='ocrx_word' id='word_1_275' title='bbox 1389 2571 1390 2576; x_wconf 42' lang='lat'>¹</span> 
     </span>
     <span class='ocr_line' id='line_1_31' title="bbox 180 2569 1390 2710; baseline 0.002 -24"><span class='ocrx_word' id='word_1_276' title='bbox 180 2625 307 2700; x_wconf 89' lang='lat' dir='ltr'><strong>Iudaeos,</strong></span> <span class='ocrx_word' id='word_1_277' title='bbox 327 2627 376 2685; x_wconf 85' lang='lat' dir='ltr'><strong>sed</strong></span> <span class='ocrx_word' id='word_1_278' title='bbox 394 2633 503 2686; x_wconf 76' lang='lat' dir='ltr'><strong>tantm</strong></span> <span class='ocrx_word' id='word_1_279' title='bbox 522 2569 600 2685; x_wconf 54' lang='lat' dir='ltr'><strong>irridet</strong></span> <span class='ocrx_word' id='word_1_280' title='bbox 618 2633 651 2688; x_wconf 89' lang='lat' dir='ltr'><strong>nt</strong></span> <span class='ocrx_word' id='word_1_281' title='bbox 669 2627 779 2710; x_wconf 77' lang='lat' dir='ltr'><strong>placide</strong></span> <span class='ocrx_word' id='word_1_282' title='bbox 797 2632 974 2708; x_wconf 81' lang='lat' dir='ltr'><strong>exspectent,</strong></span> <span class='ocrx_word' id='word_1_283' title='bbox 994 2625 1063 2686; x_wconf 85' lang='lat' dir='ltr'><strong>dnm</strong></span> <span class='ocrx_word' id='word_1_284' title='bbox 1080 2641 1131 2688; x_wconf 85' lang='lat' dir='ltr'><strong>eos</strong></span> <span class='ocrx_word' id='word_1_285' title='bbox 1150 2628 1246 2684; x_wconf 79' lang='lat' dir='ltr'><strong>sctum</strong></span> <span class='ocrx_word' id='word_1_286' title='bbox 1264 2624 1299 2682; x_wconf 84' lang='lat' dir='ltr'><strong>in</strong></span> <span class='ocrx_word' id='word_1_287' title='bbox 1389 2683 1390 2688; x_wconf 73' lang='grc'>,</span> 
     </span>
     <span class='ocr_line' id='line_1_32' title="bbox 181 2704 1390 2785; baseline -0.002 -23"><span class='ocrx_word' id='word_1_288' title='bbox 181 2721 298 2784; x_wconf 71' lang='lat' dir='ltr'><strong>regnum</strong></span> <span class='ocrx_word' id='word_1_289' title='bbox 318 2704 438 2764; x_wconf 82' lang='lat' dir='ltr'><strong>coeleste</strong></span> <span class='ocrx_word' id='word_1_290' title='bbox 456 2705 576 2785; x_wconf 78' lang='lat' dir='ltr'><strong>ooiligat.</strong></span> <span class='ocrx_word' id='word_1_291' title='bbox 632 2725 644 2733; x_wconf 89' lang='lat'>·</span> <span class='ocrx_word' id='word_1_292' title='bbox 773 2727 777 2736; x_wconf 79' lang='lat'><strong>·</strong></span> <span class='ocrx_word' id='word_1_293' title='bbox 1389 2717 1390 2730; x_wconf 63' lang='lat'>¹</span> 
     </span>
    </p>

    <p class='ocr_par' dir='ltr' id='par_1_4' title="bbox 86 2782 1390 3352">
     <span class='ocr_line' id='line_1_33' title="bbox 260 2782 1300 2862; baseline -0.001 -19"><span class='ocrx_word' id='word_1_294' title='bbox 260 2783 308 2843; x_wconf 88' lang='grc'><strong>34.</strong></span> <span class='ocrx_word' id='word_1_295' title='bbox 336 2785 529 2862; x_wconf 78' lang='lat' dir='ltr'><strong>Praeceptum</strong></span> <span class='ocrx_word' id='word_1_296' title='bbox 547 2807 653 2844; x_wconf 77' lang='lat' dir='ltr'><strong>novom</strong></span> <span class='ocrx_word' id='word_1_297' title='bbox 672 2785 710 2844; x_wconf 87' lang='lat' dir='ltr'><strong>do</strong></span> <span class='ocrx_word' id='word_1_298' title='bbox 729 2785 815 2845; x_wconf 83' lang='lat' dir='ltr'><strong>oodte.</strong></span> <span class='ocrx_word' id='word_1_299' title='bbox 856 2784 1051 2844; x_wconf 79' lang='lat' dir='ltr'><strong>consolationi</strong></span> <span class='ocrx_word' id='word_1_300' title='bbox 1069 2782 1147 2844; x_wconf 82' lang='lat' dir='ltr'><strong>addit</strong></span> <span class='ocrx_word' id='word_1_301' title='bbox 1165 2782 1300 2843; x_wconf 82' lang='lat' dir='ltr'><strong>exhorta·</strong></span> 
     </span>
     <span class='ocr_line' id='line_1_34' title="bbox 180 2860 1390 2945; baseline 0 -25"><span class='ocrx_word' id='word_1_302' title='bbox 180 2860 300 2935; x_wconf 86' lang='lat' dir='ltr'><strong>tionem,</strong></span> <span class='ocrx_word' id='word_1_303' title='bbox 328 2866 362 2920; x_wconf 86' lang='lat' dir='ltr'><strong>ot</strong></span> <span class='ocrx_word' id='word_1_304' title='bbox 386 2880 417 2924; x_wconf 87' lang='lat' dir='ltr'><strong>se</strong></span> <span class='ocrx_word' id='word_1_305' title='bbox 432 2868 534 2921; x_wconf 87' lang='lat' dir='ltr'><strong>mutuo</strong></span> <span class='ocrx_word' id='word_1_306' title='bbox 554 2863 683 2945; x_wconf 77' lang='lat' dir='ltr'><strong>diligant,</strong></span> <span class='ocrx_word' id='word_1_307' title='bbox 708 2865 764 2922; x_wconf 89' lang='lat' dir='ltr'><strong>acsi</strong></span> <span class='ocrx_word' id='word_1_308' title='bbox 784 2863 901 2938; x_wconf 80' lang='lat' dir='ltr'><strong>diceret,</strong></span> <span class='ocrx_word' id='word_1_309' title='bbox 926 2863 1124 2922; x_wconf 77' lang='lat' dir='ltr'><strong>intercedam</strong></span> <span class='ocrx_word' id='word_1_310' title='bbox 1142 2880 1262 2942; x_wconf 81' lang='lat' dir='ltr'><strong>corpore</strong></span> <span class='ocrx_word' id='word_1_311' title='bbox 1282 2879 1301 2920; x_wconf 87' lang='lat' dir='ltr'><strong>a</strong></span> <span class='ocrx_word' id='word_1_312' title='bbox 1389 2887 1390 2892; x_wconf 43' lang='lat'>¹</span> 
     </span>
     <span class='ocr_line' id='line_1_35' title="bbox 181 2933 1301 3013; baseline 0.002 -15"><span class='ocrx_word' id='word_1_313' title='bbox 181 2937 262 2998; x_wconf 87' lang='lat' dir='ltr'><strong>vobis</strong></span> <span class='ocrx_word' id='word_1_314' title='bbox 282 2933 395 3013; x_wconf 88' lang='lat' dir='ltr'><strong>absum,</strong></span> <span class='ocrx_word' id='word_1_315' title='bbox 423 2946 521 2999; x_wconf 87' lang='lat' dir='ltr'><strong>mutua</strong></span> <span class='ocrx_word' id='word_1_316' title='bbox 544 2942 659 3000; x_wconf 73' lang='lat' dir='ltr'><strong>caritate</strong></span> <span class='ocrx_word' id='word_1_317' title='bbox 678 2943 821 3000; x_wconf 82' lang='lat' dir='ltr'><strong>testamini</strong></span> <span class='ocrx_word' id='word_1_318' title='bbox 838 2955 897 3001; x_wconf 87' lang='lat' dir='ltr'><strong>non</strong></span> <span class='ocrx_word' id='word_1_319' title='bbox 916 2940 1020 3002; x_wconf 79' lang='lat' dir='ltr'><strong>irnstra&#39;</strong></span> <span class='ocrx_word' id='word_1_320' title='bbox 1038 2960 1092 3002; x_wconf 82' lang='lat' dir='ltr'><strong>vos</strong></span> <span class='ocrx_word' id='word_1_321' title='bbox 1111 2942 1198 3000; x_wconf 80' lang='lat' dir='ltr'><strong>tuisse</strong></span> <span class='ocrx_word' id='word_1_322' title='bbox 1216 2959 1232 2999; x_wconf 89' lang='lat' dir='ltr'><strong>a</strong></span> <span class='ocrx_word' id='word_1_323' title='bbox 1251 2956 1301 3000; x_wconf 86' lang='lat' dir='ltr'><strong>me</strong></span> 
     </span>
     <span class='ocr_line' id='line_1_36' title="bbox 180 3016 1390 3100; baseline 0.001 -24"><span class='ocrx_word' id='word_1_324' title='bbox 180 3016 310 3076; x_wconf 87' lang='lat' dir='ltr'><strong>edoctos:</strong></span> <span class='ocrx_word' id='word_1_325' title='bbox 331 3017 439 3078; x_wconf 86' lang='lat' dir='ltr'><strong>sithoc</strong></span> <span class='ocrx_word' id='word_1_326' title='bbox 458 3019 622 3080; x_wconf 88' lang='lat' dir='ltr'><strong>continuum</strong></span> <span class='ocrx_word' id='word_1_327' title='bbox 640 3026 767 3079; x_wconf 85' lang='lat' dir='ltr'><strong>vcstrnm</strong></span> <span class='ocrx_word' id='word_1_328' title='bbox 786 3021 920 3095; x_wconf 86' lang='lat' dir='ltr'><strong>studium,</strong></span> <span class='ocrx_word' id='word_1_329' title='bbox 939 3019 1297 3100; x_wconf 83' lang='lat' dir='ltr'><strong>sitpraecipoameditatio.</strong></span> <span class='ocrx_word' id='word_1_330' title='bbox 1389 3093 1390 3098; x_wconf 8' lang='grc' dir='ltr'>η</span> 
     </span>
     <span class='ocr_line' id='line_1_37' title="bbox 86 3093 1390 3192; baseline 0 -36"><span class='ocrx_word' id='word_1_331' title='bbox 86 3167 87 3170; x_wconf 10' lang='lat'>¹</span> <span class='ocrx_word' id='word_1_332' title='bbox 140 3161 142 3168; x_wconf 19' lang='grc' dir='ltr'><em>Α</em></span> <span class='ocrx_word' id='word_1_333' title='bbox 182 3093 244 3156; x_wconf 82' lang='lat' dir='ltr'><strong>Gur</strong></span> <span class='ocrx_word' id='word_1_334' title='bbox 261 3103 440 3176; x_wconf 87' lang='lat' dir='ltr'><strong>praeceptum</strong></span> <span class='ocrx_word' id='word_1_335' title='bbox 458 3117 566 3157; x_wconf 85' lang='lat' dir='ltr'><strong>novom</strong></span> <span class='ocrx_word' id='word_1_336' title='bbox 584 3097 715 3192; x_wconf 73' lang='lat' dir='ltr'><strong>appellet,</strong></span> <span class='ocrx_word' id='word_1_337' title='bbox 734 3117 793 3158; x_wconf 88' lang='lat' dir='ltr'><strong>non</strong></span> <span class='ocrx_word' id='word_1_338' title='bbox 811 3100 944 3162; x_wconf 84' lang='lat' dir='ltr'><strong>convenit</strong></span> <span class='ocrx_word' id='word_1_339' title='bbox 962 3102 1034 3157; x_wconf 91' lang='lat' dir='ltr'><strong>inter</strong></span> <span class='ocrx_word' id='word_1_340' title='bbox 1054 3115 1165 3157; x_wconf 82' lang='lat' dir='ltr'><strong>omnes:</strong></span> <span class='ocrx_word' id='word_1_341' title='bbox 1186 3097 1300 3176; x_wconf 77' lang='lat' dir='ltr'><strong>qmbne·</strong></span> <span class='ocrx_word' id='word_1_342' title='bbox 1389 3129 1390 3144; x_wconf 47' lang='grc' dir='ltr'>ι</span> 
     </span>
     <span class='ocr_line' id='line_1_38' title="bbox 181 3173 1390 3257; baseline 0.001 -23"><span class='ocrx_word' id='word_1_343' title='bbox 181 3173 248 3234; x_wconf 88' lang='lat' dir='ltr'><strong>dam</strong></span> <span class='ocrx_word' id='word_1_344' title='bbox 267 3175 378 3234; x_wconf 80' lang='lat' dir='ltr'><strong>videtne</strong></span> <span class='ocrx_word' id='word_1_345' title='bbox 396 3195 457 3237; x_wconf 88' lang='lat' dir='ltr'><strong>esee</strong></span> <span class='ocrx_word' id='word_1_346' title='bbox 475 3175 545 3236; x_wconf 87' lang='lat' dir='ltr'><strong>haee</strong></span> <span class='ocrx_word' id='word_1_347' title='bbox 564 3183 643 3251; x_wconf 83' lang='lat' dir='ltr'><strong>ratio,</strong></span> <span class='ocrx_word' id='word_1_348' title='bbox 668 3178 745 3257; x_wconf 84' lang='lat' dir='ltr'><strong>qnod</strong></span> <span class='ocrx_word' id='word_1_349' title='bbox 766 3197 853 3257; x_wconf 84' lang='lat' dir='ltr'><strong>quum</strong></span> <span class='ocrx_word' id='word_1_350' title='bbox 872 3178 980 3238; x_wconf 87' lang='lat' dir='ltr'><strong>literale</strong></span> <span class='ocrx_word' id='word_1_351' title='bbox 998 3184 1027 3237; x_wconf 92' lang='lat' dir='ltr'><strong>et</strong></span> <span class='ocrx_word' id='word_1_352' title='bbox 1046 3183 1197 3237; x_wconf 79' lang='lat' dir='ltr'><strong>externum</strong></span> <span class='ocrx_word' id='word_1_353' title='bbox 1217 3181 1302 3248; x_wconf 84' lang='lat' dir='ltr'><strong>esset,</strong></span> <span class='ocrx_word' id='word_1_354' title='bbox 1389 3195 1390 3218; x_wconf 65' lang='lat'>³</span> 
     </span>
     <span class='ocr_line' id='line_1_39' title="bbox 149 3253 1303 3352; baseline -0.003 -37"><span class='ocrx_word' id='word_1_355' title='bbox 149 3309 151 3315; x_wconf 82' lang='grc'>,</span> <span class='ocrx_word' id='word_1_356' title='bbox 181 3254 315 3334; x_wconf 77' lang='lat' dir='ltr'><strong>quieqrdd</strong></span> <span class='ocrx_word' id='word_1_357' title='bbox 333 3254 369 3338; x_wconf 86' lang='lat' dir='ltr'><strong>de</strong></span> <span class='ocrx_word' id='word_1_358' title='bbox 388 3257 502 3315; x_wconf 83' lang='lat' dir='ltr'><strong>caritate</strong></span> <span class='ocrx_word' id='word_1_359' title='bbox 521 3256 589 3316; x_wconf 88' lang='lat' dir='ltr'><strong>oiim</strong></span> <span class='ocrx_word' id='word_1_360' title='bbox 607 3253 723 3352; x_wconf 65' lang='lat' dir='ltr'><strong>inche</strong></span> <span class='ocrx_word' id='word_1_361' title='bbox 740 3258 944 3338; x_wconf 81' lang='lat' dir='ltr'><strong>praescriptum</strong></span> <span class='ocrx_word' id='word_1_362' title='bbox 962 3262 1032 3331; x_wconf 83' lang='lat' dir='ltr'><strong>erat,</strong></span> <span class='ocrx_word' id='word_1_363' title='bbox 1049 3256 1182 3315; x_wconf 79' lang='lat' dir='ltr'><strong>Christos</strong></span> <span class='ocrx_word' id='word_1_364' title='bbox 1189 3254 1303 3334; x_wconf 84' lang='lat' dir='ltr'><strong>Spiritu</strong></span> 
     </span>
    </p>

    <p class='ocr_par' dir='ltr' id='par_1_5' title="bbox 120 3331 1303 4355">
     <span class='ocr_line' id='line_1_40' title="bbox 181 3331 1301 3416; baseline -0.001 -25"><span class='ocrx_word' id='word_1_365' title='bbox 181 3351 236 3392; x_wconf 91' lang='lat' dir='ltr'><strong>sno</strong></span> <span class='ocrx_word' id='word_1_366' title='bbox 256 3331 527 3406; x_wconf 80' lang='lat' dir='ltr'><strong>cordibnsiidelium</strong></span> <span class='ocrx_word' id='word_1_367' title='bbox 546 3336 725 3416; x_wconf 76' lang='lat' dir='ltr'><strong>inscripserit.</strong></span> <span class='ocrx_word' id='word_1_368' title='bbox 769 3335 811 3394; x_wconf 88' lang='lat' dir='ltr'><strong>ita</strong></span> <span class='ocrx_word' id='word_1_369' title='bbox 829 3333 892 3394; x_wconf 83' lang='lat' dir='ltr'><strong>Lex</strong></span> <span class='ocrx_word' id='word_1_370' title='bbox 910 3335 1066 3396; x_wconf 84' lang='lat' dir='ltr'><strong>secundnm</strong></span> <span class='ocrx_word' id='word_1_371' title='bbox 1084 3351 1134 3394; x_wconf 86' lang='lat' dir='ltr'><strong>eos</strong></span> <span class='ocrx_word' id='word_1_372' title='bbox 1153 3351 1227 3392; x_wconf 83' lang='lat' dir='ltr'><strong>nova</strong></span> <span class='ocrx_word' id='word_1_373' title='bbox 1247 3338 1301 3402; x_wconf 78' lang='lat' dir='ltr'><strong>est,</strong></span> 
     </span>
     <span class='ocr_line' id='line_1_41' title="bbox 182 3407 1301 3495; baseline -0.004 -23"><span class='ocrx_word' id='word_1_374' title='bbox 182 3423 366 3492; x_wconf 81' lang='lat' dir='ltr'><strong>quam‘novo</strong></span> <span class='ocrx_word' id='word_1_375' title='bbox 385 3411 471 3472; x_wconf 89' lang='lat' dir='ltr'><strong>modo</strong></span> <span class='ocrx_word' id='word_1_376' title='bbox 490 3415 659 3495; x_wconf 80' lang='lat' dir='ltr'><strong>promulgat,</strong></span> <span class='ocrx_word' id='word_1_377' title='bbox 678 3421 710 3474; x_wconf 92' lang='lat' dir='ltr'><strong>nt</strong></span> <span class='ocrx_word' id='word_1_378' title='bbox 721 3413 831 3474; x_wconf 67' lang='lat' dir='ltr'><strong>trabeae</strong></span> <span class='ocrx_word' id='word_1_379' title='bbox 848 3415 963 3494; x_wconf 87' lang='lat' dir='ltr'><strong>plenum</strong></span> <span class='ocrx_word' id='word_1_380' title='bbox 981 3416 1118 3494; x_wconf 83' lang='lat' dir='ltr'><strong>vigorem.</strong></span> <span class='ocrx_word' id='word_1_381' title='bbox 1151 3411 1209 3472; x_wconf 89' lang='lat' dir='ltr'><strong>Sed</strong></span> <span class='ocrx_word' id='word_1_382' title='bbox 1227 3407 1301 3469; x_wconf 88' lang='lat' dir='ltr'><strong>iilod</strong></span> 
     </span>
     <span class='ocr_line' id='line_1_42' title="bbox 181 3487 1300 3573; baseline -0.002 -23"><span class='ocrx_word' id='word_1_383' title='bbox 181 3509 248 3550; x_wconf 87' lang='lat' dir='ltr'><strong>meo</strong></span> <span class='ocrx_word' id='word_1_384' title='bbox 267 3489 369 3550; x_wconf 87' lang='lat' dir='ltr'><strong>indieio</strong></span> <span class='ocrx_word' id='word_1_385' title='bbox 386 3493 471 3550; x_wconf 51' lang='lat' dir='ltr'><strong>¹nimis</strong></span> <span class='ocrx_word' id='word_1_386' title='bbox 491 3501 619 3552; x_wconf 86' lang='lat' dir='ltr'><strong>eoactum</strong></span> <span class='ocrx_word' id='word_1_387' title='bbox 639 3499 682 3552; x_wconf 88' lang='lat' dir='ltr'><strong>est</strong></span> <span class='ocrx_word' id='word_1_388' title='bbox 701 3499 786 3573; x_wconf 83' lang='lat' dir='ltr'><strong>atque</strong></span> <span class='ocrx_word' id='word_1_389' title='bbox 805 3494 926 3552; x_wconf 82' lang='lat' dir='ltr'><strong>alienam</strong></span> <span class='ocrx_word' id='word_1_390' title='bbox 945 3513 963 3553; x_wconf 86' lang='lat' dir='ltr'><strong>a</strong></span> <span class='ocrx_word' id='word_1_391' title='bbox 981 3492 1089 3552; x_wconf 78' lang='lat' dir='ltr'><strong>Christi</strong></span> <span class='ocrx_word' id='word_1_392' title='bbox 1107 3497 1207 3550; x_wconf 84' lang='lat' dir='ltr'><strong>mente.</strong></span> <span class='ocrx_word' id='word_1_393' title='bbox 1240 3487 1300 3548; x_wconf 84' lang='lat' dir='ltr'><strong>Alii</strong></span> 
     </span>
     <span class='ocr_line' id='line_1_43' title="bbox 181 3567 1300 3652; baseline -0.002 -24"><span class='ocrx_word' id='word_1_394' title='bbox 181 3587 290 3628; x_wconf 77' lang='lat' dir='ltr'><strong>novum</strong></span> <span class='ocrx_word' id='word_1_395' title='bbox 314 3567 378 3628; x_wconf 92' lang='lat' dir='ltr'><strong>ideo</strong></span> <span class='ocrx_word' id='word_1_396' title='bbox 398 3577 581 3650; x_wconf 87' lang='lat' dir='ltr'><strong>praeceptum</strong></span> <span class='ocrx_word' id='word_1_397' title='bbox 600 3571 655 3630; x_wconf 76' lang='lat' dir='ltr'><strong>eici</strong></span> <span class='ocrx_word' id='word_1_398' title='bbox 673 3577 846 3650; x_wconf 82' lang='lat' dir='ltr'><strong>exponunt,</strong></span> <span class='ocrx_word' id='word_1_399' title='bbox 863 3571 942 3652; x_wconf 87' lang='lat' dir='ltr'><strong>qnod</strong></span> <span class='ocrx_word' id='word_1_400' title='bbox 965 3573 1078 3630; x_wconf 82' lang='lat' dir='ltr'><strong>tametsi</strong></span> <span class='ocrx_word' id='word_1_401' title='bbox 1096 3569 1156 3630; x_wconf 86' lang='lat' dir='ltr'><strong>Lex</strong></span> <span class='ocrx_word' id='word_1_402' title='bbox 1174 3569 1211 3628; x_wconf 85' lang='lat' dir='ltr'><strong>ad</strong></span> <span class='ocrx_word' id='word_1_403' title='bbox 1231 3568 1300 3628; x_wconf 88' lang='lat' dir='ltr'><strong>diie-</strong></span> 
     </span>
     <span class='ocr_line' id='line_1_44' title="bbox 182 3645 1302 3728; baseline -0.001 -22"><span class='ocrx_word' id='word_1_404' title='bbox 182 3649 305 3708; x_wconf 86' lang='lat' dir='ltr'><strong>etioncm</strong></span> <span class='ocrx_word' id='word_1_405' title='bbox 324 3667 377 3706; x_wconf 88' lang='lat' dir='ltr'><strong>noe</strong></span> <span class='ocrx_word' id='word_1_406' title='bbox 395 3656 524 3726; x_wconf 83' lang='lat' dir='ltr'><strong>revocet,</strong></span> <span class='ocrx_word' id='word_1_407' title='bbox 554 3650 621 3728; x_wconf 84' lang='lat' dir='ltr'><strong>qnia</strong></span> <span class='ocrx_word' id='word_1_408' title='bbox 639 3655 734 3708; x_wconf 87' lang='lat' dir='ltr'><strong>tamen</strong></span> <span class='ocrx_word' id='word_1_409' title='bbox 751 3649 848 3710; x_wconf 86' lang='lat' dir='ltr'><strong>multis</strong></span> <span class='ocrx_word' id='word_1_410' title='bbox 867 3651 1033 3711; x_wconf 78' lang='lat' dir='ltr'><strong>ceremoniis</strong></span> <span class='ocrx_word' id='word_1_411' title='bbox 1052 3657 1082 3708; x_wconf 89' lang='lat' dir='ltr'><strong>et</strong></span> <span class='ocrx_word' id='word_1_412' title='bbox 1101 3645 1302 3728; x_wconf 85' lang='lat' dir='ltr'><strong>appendicibus</strong></span> 
     </span>
     <span class='ocr_line' id='line_1_45' title="bbox 182 3725 1302 3807; baseline -0.002 -21"><span class='ocrx_word' id='word_1_413' title='bbox 182 3731 227 3786; x_wconf 82' lang='lat' dir='ltr'><strong>est</strong></span> <span class='ocrx_word' id='word_1_414' title='bbox 244 3725 380 3807; x_wconf 87' lang='lat' dir='ltr'><strong>implicita</strong></span> <span class='ocrx_word' id='word_1_415' title='bbox 399 3727 456 3786; x_wconf 87' lang='lat' dir='ltr'><strong>illio</strong></span> <span class='ocrx_word' id='word_1_416' title='bbox 475 3726 601 3787; x_wconf 87' lang='lat' dir='ltr'><strong>doctrina</strong></span> <span class='ocrx_word' id='word_1_417' title='bbox 621 3727 758 3802; x_wconf 82' lang='lat' dir='ltr'><strong>caritatis,</strong></span> <span class='ocrx_word' id='word_1_418' title='bbox 787 3749 845 3788; x_wconf 92' lang='lat' dir='ltr'><strong>non</strong></span> <span class='ocrx_word' id='word_1_419' title='bbox 867 3729 1021 3788; x_wconf 81' lang='lat' dir='ltr'><strong>inmolare</strong></span> <span class='ocrx_word' id='word_1_420' title='bbox 1040 3730 1174 3787; x_wconf 81' lang='lat' dir='ltr'><strong>emineat:</strong></span> <span class='ocrx_word' id='word_1_421' title='bbox 1203 3733 1302 3785; x_wconf 86' lang='lat' dir='ltr'><strong>contra</strong></span> 
     </span>
     <span class='ocr_line' id='line_1_46' title="bbox 183 3802 1301 3885; baseline 0.002 -25"><span class='ocrx_word' id='word_1_422' title='bbox 183 3809 279 3864; x_wconf 86' lang='lat' dir='ltr'><strong>autem</strong></span> <span class='ocrx_word' id='word_1_423' title='bbox 297 3806 327 3862; x_wconf 91' lang='lat' dir='ltr'><strong>in</strong></span> <span class='ocrx_word' id='word_1_424' title='bbox 346 3802 500 3885; x_wconf 77' lang='lat' dir='ltr'><strong>Evangelio</strong></span> <span class='ocrx_word' id='word_1_425' title='bbox 519 3807 579 3866; x_wconf 86' lang='lat' dir='ltr'><strong>sine</strong></span> <span class='ocrx_word' id='word_1_426' title='bbox 597 3806 663 3864; x_wconf 86' lang='lat' dir='ltr'><strong>ullis</strong></span> <span class='ocrx_word' id='word_1_427' title='bbox 683 3805 789 3866; x_wconf 86' lang='lat' dir='ltr'><strong>umbris</strong></span> <span class='ocrx_word' id='word_1_428' title='bbox 815 3813 955 3868; x_wconf 86' lang='lat' dir='ltr'><strong>statuatur</strong></span> <span class='ocrx_word' id='word_1_429' title='bbox 972 3809 1003 3866; x_wconf 91' lang='lat' dir='ltr'><strong>in</strong></span> <span class='ocrx_word' id='word_1_430' title='bbox 1021 3809 1138 3866; x_wconf 83' lang='lat' dir='ltr'><strong>caritate</strong></span> <span class='ocrx_word' id='word_1_431' title='bbox 1167 3817 1169 3822; x_wconf 87' lang='lat'>&#39;</span> <span class='ocrx_word' id='word_1_432' title='bbox 1193 3803 1301 3864; x_wconf 74' lang='lat' dir='ltr'><strong>eiectio.</strong></span> 
     </span>
     <span class='ocr_line' id='line_1_47' title="bbox 183 3823 1302 3972; baseline 0.004 -34"><span class='ocrx_word' id='word_1_433' title='bbox 183 3877 245 3972; x_wconf 61' lang='grc'><strong>1150</strong></span> <span class='ocrx_word' id='word_1_434' title='bbox 274 3888 308 3939; x_wconf 92' lang='lat' dir='ltr'><strong>nt</strong></span> <span class='ocrx_word' id='word_1_435' title='bbox 330 3881 404 3944; x_wconf 86' lang='lat' dir='ltr'><strong>hane</strong></span> <span class='ocrx_word' id='word_1_436' title='bbox 427 3885 684 3962; x_wconf 83' lang='lat' dir='ltr'><strong>interpretationem</strong></span> <span class='ocrx_word' id='word_1_437' title='bbox 707 3905 766 3946; x_wconf 90' lang='lat' dir='ltr'><strong>non</strong></span> <span class='ocrx_word' id='word_1_438' title='bbox 788 3905 905 3966; x_wconf 82' lang='lat' dir='ltr'><strong>prorsus</strong></span> <span class='ocrx_word' id='word_1_439' title='bbox 930 3887 1063 3966; x_wconf 85' lang='lat' dir='ltr'><strong>repudio,</strong></span> <span class='ocrx_word' id='word_1_440' title='bbox 1092 3823 1302 3944; x_wconf 63' lang='lat' dir='ltr'><strong>traditricem</strong></span> 
     </span>
     <span class='ocr_line' id='line_1_48' title="bbox 183 3957 1302 4046; baseline 0.004 -31"><span class='ocrx_word' id='word_1_441' title='bbox 183 3957 338 4037; x_wconf 74' lang='lat' dir='ltr'><strong>simplicius</strong></span> <span class='ocrx_word' id='word_1_442' title='bbox 357 3961 508 4042; x_wconf 84' lang='lat' dir='ltr'><strong>loqnntnm</strong></span> <span class='ocrx_word' id='word_1_443' title='bbox 526 3981 587 4023; x_wconf 87' lang='lat' dir='ltr'><strong>esse</strong></span> <span class='ocrx_word' id='word_1_444' title='bbox 606 3961 734 4022; x_wconf 86' lang='lat' dir='ltr'><strong>arbitror.</strong></span> <span class='ocrx_word' id='word_1_445' title='bbox 772 3963 884 4024; x_wconf 70' lang='lat' dir='ltr'><strong>&amp;imus</strong></span> <span class='ocrx_word' id='word_1_446' title='bbox 904 3967 984 4024; x_wconf 89' lang='lat' dir='ltr'><strong>enim·</strong></span> <span class='ocrx_word' id='word_1_447' title='bbox 999 3965 1074 4046; x_wconf 78' lang='lat' dir='ltr'><strong>leges</strong></span> <span class='ocrx_word' id='word_1_448' title='bbox 1093 3963 1174 4022; x_wconf 88' lang='lat' dir='ltr'><strong>initio</strong></span> <span class='ocrx_word' id='word_1_449' title='bbox 1189 3961 1238 4021; x_wconf 87' lang='lat' dir='ltr'><strong>diii</strong></span> <span class='ocrx_word' id='word_1_450' title='bbox 1257 3983 1302 4020; x_wconf 89' lang='lat' dir='ltr'><strong>cn·</strong></span> 
     </span>
     <span class='ocr_line' id='line_1_49' title="bbox 184 3983 1303 4115; baseline 0.004 -20"><span class='ocrx_word' id='word_1_451' title='bbox 184 4036 242 4095; x_wconf 91' lang='lat' dir='ltr'><strong>tins</strong></span> <span class='ocrx_word' id='word_1_452' title='bbox 259 4039 381 4112; x_wconf 84' lang='lat' dir='ltr'><strong>servari,</strong></span> <span class='ocrx_word' id='word_1_453' title='bbox 400 4042 503 4100; x_wconf 86' lang='lat' dir='ltr'><strong>sensim</strong></span> <span class='ocrx_word' id='word_1_454' title='bbox 521 4061 590 4101; x_wconf 81' lang='lat' dir='ltr'><strong>vero</strong></span> <span class='ocrx_word' id='word_1_455' title='bbox 608 4041 667 4102; x_wconf 87' lang='lat' dir='ltr'><strong>labi</strong></span> <span class='ocrx_word' id='word_1_456' title='bbox 684 4039 888 4102; x_wconf 76' lang='lat' dir='ltr'><strong>&#39;ex‘hominnni</strong></span> <span class='ocrx_word' id='word_1_457' title='bbox 907 4045 1061 4115; x_wconf 86' lang='lat' dir='ltr'><strong>memoria,</strong></span> <span class='ocrx_word' id='word_1_458' title='bbox 1078 4043 1170 4102; x_wconf 86' lang='lat' dir='ltr'><strong>donec</strong></span> <span class='ocrx_word' id='word_1_459' title='bbox 1188 3983 1303 4101; x_wconf 79' lang='lat' dir='ltr'><strong>tandem</strong></span> 
     </span>
     <span class='ocr_line' id='line_1_50' title="bbox 185 4112 1302 4201; baseline 0.007 -29"><span class='ocrx_word' id='word_1_460' title='bbox 185 4112 370 4174; x_wconf 87' lang='lat' dir='ltr'><strong>obsolescant</strong></span> <span class='ocrx_word' id='word_1_461' title='bbox 399 4117 475 4198; x_wconf 76' lang='lat' dir='ltr'><strong>Ergo</strong></span> <span class='ocrx_word' id='word_1_462' title='bbox 490 4118 619 4180; x_wconf 84' lang='lat' dir='ltr'><strong>Christus</strong></span> <span class='ocrx_word' id='word_1_463' title='bbox 638 4139 696 4200; x_wconf 87' lang='lat' dir='ltr'><strong>qno</strong></span> <span class='ocrx_word' id='word_1_464' title='bbox 714 4120 819 4180; x_wconf 81' lang='lat' dir='ltr'><strong>melina</strong></span> <span class='ocrx_word' id='word_1_465' title='bbox 835 4121 935 4201; x_wconf 82' lang='lat' dir='ltr'><strong>infigat</strong></span> <span class='ocrx_word' id='word_1_466' title='bbox 952 4131 1071 4182; x_wconf 78' lang='lat' dir='ltr'><strong>anonim</strong></span> <span class='ocrx_word' id='word_1_467' title='bbox 1090 4122 1191 4180; x_wconf 82' lang='lat' dir='ltr'><strong>animis</strong></span> <span class='ocrx_word' id='word_1_468' title='bbox 1205 4121 1302 4186; x_wconf 71' lang='lat' dir='ltr'><strong>cana-</strong></span> 
     </span>
     <span class='ocr_line' id='line_1_51' title="bbox 120 4190 1303 4284; baseline 0.007 -36"><span class='ocrx_word' id='word_1_469' title='bbox 120 4211 122 4214; x_wconf 93' lang='lat'>·</span> <span class='ocrx_word' id='word_1_470' title='bbox 184 4191 222 4281; x_wconf 77' lang='lat' dir='ltr'><strong>tis</strong></span> <span class='ocrx_word' id='word_1_471' title='bbox 241 4190 406 4284; x_wconf 74' lang='lat' dir='ltr'><strong>doctrinam,</strong></span> <span class='ocrx_word' id='word_1_472' title='bbox 424 4213 441 4253; x_wconf 91' lang='lat' dir='ltr'><strong>a</strong></span> <span class='ocrx_word' id='word_1_473' title='bbox 460 4199 584 4258; x_wconf 82' lang='lat' dir='ltr'><strong>novitate</strong></span> <span class='ocrx_word' id='word_1_474' title='bbox 603 4217 665 4258; x_wconf 86' lang='lat' dir='ltr'><strong>eam</strong></span> <span class='ocrx_word' id='word_1_475' title='bbox 684 4197 871 4274; x_wconf 77' lang='lat' dir='ltr'><strong>commendat,</strong></span> <span class='ocrx_word' id='word_1_476' title='bbox 890 4203 971 4280; x_wconf 81' lang='lat' dir='ltr'><strong>qnasi</strong></span> <span class='ocrx_word' id='word_1_477' title='bbox 991 4201 1106 4273; x_wconf 76' lang='lat' dir='ltr'><strong>diceret,</strong></span> <span class='ocrx_word' id='word_1_478' title='bbox 1125 4199 1202 4259; x_wconf 87' lang='lat' dir='ltr'><strong>Voio</strong></span> <span class='ocrx_word' id='word_1_479' title='bbox 1221 4199 1303 4258; x_wconf 83' lang='lat' dir='ltr'><strong>ianins</strong></span> 
     </span>
     <span class='ocr_line' id='line_1_52' title="bbox 185 4267 1302 4355; baseline -0.004 -15"><span class='ocrx_word' id='word_1_480' title='bbox 185 4267 313 4347; x_wconf 68' lang='lat' dir='ltr'><strong>mandati</strong></span> <span class='ocrx_word' id='word_1_481' title='bbox 337 4285 391 4330; x_wconf 65' lang='lat' dir='ltr'><strong>ves</strong></span> <span class='ocrx_word' id='word_1_482' title='bbox 418 4281 554 4354; x_wconf 74' lang='lat' dir='ltr'><strong>perpetro</strong></span> <span class='ocrx_word' id='word_1_483' title='bbox 583 4294 661 4340; x_wconf 87' lang='lat' dir='ltr'><strong>esse.</strong></span> <span class='ocrx_word' id='word_1_484' title='bbox 674 4294 827 4355; x_wconf 82' lang='lat' dir='ltr'><strong>memores,</strong></span> <span class='ocrx_word' id='word_1_485' title='bbox 855 4281 914 4343; x_wconf 87' lang='lat' dir='ltr'><strong>aosi</strong></span> <span class='ocrx_word' id='word_1_486' title='bbox 936 4279 986 4346; x_wconf 81' lang='lat' dir='ltr'><strong>lex</strong></span> <span class='ocrx_word' id='word_1_487' title='bbox 1010 4285 1086 4342; x_wconf 78' lang='lat' dir='ltr'><strong>esset</strong></span> <span class='ocrx_word' id='word_1_488' title='bbox 1110 4291 1208 4340; x_wconf 83' lang='lat' dir='ltr'><strong>reeens</strong></span> <span class='ocrx_word' id='word_1_489' title='bbox 1233 4283 1302 4338; x_wconf 85' lang='lat' dir='ltr'><strong>nata.</strong></span> 
     </span>
    </p>
   </div>
   <div class='ocr_carea' id='block_1_3' title="bbox 0 0 1432 4848">
    <p class='ocr_par' dir='ltr' id='par_1_6' title="bbox 0 0 1432 4848">
     <span class='ocr_line' id='line_1_53' title="bbox 0 0 1432 4848; baseline 0 0"><span class='ocrx_word' id='word_1_490' title='bbox 0 0 1432 4848; x_wconf 95' lang='lat' dir='ltr'><strong> </strong></span> 
     </span>
    </p>
   </div>
  </div>
 </body>
</html>
