2700 4844
462 199 591 266 CAPUT
609 200 747 266 xxviii
1113 213 1170 278 481

45 316 211 393 beneiaotie,
239 337 299 380 non
328 323 372 378 ert
402 337 454 380 oor
477 338 530 380 ooo
554 317 670 380 trnbrre
693 320 794 384 debeat
817 318 965 384 bominem
989 325 1170 408 ingratitudo,

44 417 118 538 puae
145 399 210 479 plor
239 417 328 480 qnam
359 396 482 479 volgaria
510 404 556 460 ert
581 398 707 460 morbus.
758 399 911 462 Creterern
939 423 999 466 non
1017 407 1110 470 modo
1140 410 1170 470 in

69 479 164 539 aolorn
184 479 259 538 ritae
277 496 346 538 rnre
366 478 523 540 ministrum
542 479 644 560 ingrati
662 487 743 556 root,
768 479 819 541 aed
837 478 920 541 foeda
940 483 1023 544 ainrnl
1043 486 1170 548 ineredu-

44 559 107 618 litar
125 561 155 618 et
172 557 284 618 divinae
303 558 410 638 gratiae
428 555 534 618 oblivio
552 577 584 619 se
602 559 705 640 prodit.
725 557 844 640 *Nuper
862 561 985 642 impleri
1005 572 1087 626 erant
1105 585 1169 626 ora-
1196 619 1204 633 ,

44 637 140 698 eninm
168 636 256 708 iliud,
284 635 402 697 donatae
430 655 495 697 esee
517 635 609 700 Panlo
634 640 754 700 animm:
784 658 860 700 nono
883 641 932 702 nbi
955 641 1007 704 illo
1030 646 1170 706 minoto

42 717 112 778 salvi
130 735 193 778 esse
211 715 325 790 volunt,
346 715 415 797 qnid
432 715 510 778 eliud
529 737 616 798 qoam
630 715 695 780 Deo
714 722 843 780 reairtere
862 728 1015 792 conantur,
1036 730 1070 784 ut
1088 743 1169 806 prae·

41 803 87 856 ter
111 797 170 856 eina
193 795 370 858 volontatem
394 801 522 858 rmortr
545 797 600 878 ipsi
624 817 654 858 ee
673 799 812 882 eripiant?
850 797 927 882 Ergo
947 802 1054 882 gratie,
1082 823 1168 884 quam

41 877 132 934 eoacti
151 875 382 970 pepererantin
400 895 512 936 aemma
531 875 733 960 desperatione,
754 881 810 940 iarn
828 878 882 940 itte
903 879 1027 944 effluxit:
1046 902 1100 943 neo
1108 901 1168 944 ern·
1282 927 1284 932 -

40 955 207 1096 error
233 956 575 1096 ”reinero
587 965 972 1100 werre
992 959 1168 1104 ,tam

41 1115 123 1174 riona
146 1133 199 1174 sna
227 1113 368 1195 implenda
391 1115 552 1198 expendere
575 1120 723 1192 eonvenit,
752 1117 821 1178 dum
838 1060 1021 1201 iosqipaosa
1080 1123 1119 1182 eit
1137 1123 1167 1184 in

38 1200 161 1267 terram,
189 1211 242 1276 per
264 1213 337 1276 quoa
361 1215 420 1256 non
450 1197 540 1269 stetit,
589 1197 720 1258 nominoe
737 1199 816 1258 irrito
836 1205 911 1258 esset
929 1199 989 1260 eiua
1027 1202 1167 1275 marineio,

37 1272 84 1332 lta
102 1273 269 1370 pleronptre
287 1281 395 1336 oertere
412 1275 486 1337 solet
503 1277 563 1337 eins
602 1277 693 1338 onitee
711 1297 778 1338 enm
798 1275 944 1338 bominum
1023 1281 1079 1344 'tie
1116 1279 1168 1342 Sie

38 1359 135 1412 tamen
157 1353 250 1433 impar
274 1361 319 1414 est
337 1355 509 1430 misor-ieme,
539 1361 571 1416 ut
589 1374 689 1416 eornm
708 1375 829 1438 poenam
849 1359 879 1417 in
899 1357 1034 1422 idoneum
1052 1368 1168 1442 tempor

39 1431 175 1492 differens
170 1449 217 1514 Α
236 1439 318 1494 reato
340 1435 455 1494 minime
478 1455 529 1496 eos
548 1434 668 1509 exireat,
696 1435 755 1500 imo
774 1455 883 1518 ponere
902 1439 1041 1519 gravitate
1059 1447 1167 1506 tanum

35 1517 203 1591 oompemet
221 1511 386 1572 tolerantiae
404 1531 473 1574 aare
490 1532 610 1576 moram.

157 1971 160 1984 ·
308 1931 618 2032 caron
679 1943 885 2034 xxvm.

127 2243 154 2310 i.
176 2239 219 2310 Et
248 2266 348 2338 quum
375 2243 561 2328 evasissent,
588 2254 663 2312 tuno
690 2254 923 2336 cognoverunt,
949 2244 1036 2336 qood
1058 2243 1165 2316 Melite

17 2347 138 2428 ¹insuia
164 2359 338 2429 voraretur.
381 2349 414 2416 i.
441 2347 569 2418 Barbari
590 2374 667 2422 vero
696 2349 896 2442 praestabant
916 2373 983 2418 non
1008 2350 1166 2444 vulgarem

32 2453 263 2546 humanitatem
307 2455 408 2524 nobis.
473 2455 615 2524 Accensa
659 2455 745 2524 enim
777 2476 855 2549 pyra
887 2455 1078 2548 recipiebant
1106 2479 1168 2524 noe
1249 2517 1258 2528 ,

30 2581 149 2628 omnes
181 2571 311 2653 propter
340 2561 488 2644 imbrem,
521 2560 577 2654 qui
601 2559 800 2645 imminebat,
831 2572 864 2630 et
894 2571 1025 2654 propter
1058 2561 1165 2654 frigus.

27 2665 63 2734 3.
93 2661 201 2750 Quum
234 2689 310 2736 vero
344 2679 563 2761 congregasset
589 2667 707 2747 Paulus
739 2677 970 2740 samrentorum
996 2665 1167 2736 multitudi*

28 2795 137 2856 nem,
152 2781 185 2840 et
204 2772 410 2864 imposuisset
430 2775 463 2844 in
484 2777 606 2866 ignem,
634 2775 740 2868 vipera
761 2799 781 2843 e
803 2775 907 2844 calore
927 2797 1100 2868 prorepens
1122 2773 1166 2843 in-

26 2878 113 2946 vasit
138 2901 269 2947 manum
297 2879 374 2948 eius.
425 2887 453 2948 4.
476 2879 521 2948 Ut
547 2905 624 2949 vero
653 2879 799 2948 viderunt
820 2881 947 2948 Barbari
973 2881 1165 2973 pendentem

26 2983 164 3050 bestiam
185 2973 224 3053 de
246 3009 344 3052 manu
365 2985 448 3069 eius,
470 2985 551 3052 inter
574 3008 645 3054 eoae
667 2985 825 3068 dibebant,
846 2985 986 3054 Omnino
1008 2983 1165 3052 homicida

26 3097 81 3155 est
103 3086 204 3154 bomo
232 3087 299 3171 hie,
326 3111 422 3180 quem
444 3100 605 3158 servatum
627 3113 645 3158 e
667 3085 745 3160 mari
766 3090 844 3159 ultio
866 3113 933 3156 non
954 3088 1027 3158 sinit
1047 3087 1163 3156 vivere.
1263 3153 1266 3160 .

23 3195 60 3260 5.
83 3191 127 3262 Et
146 3193 200 3262 ille
222 3193 350 3284 quidem
372 3217 506 3264 excussa
528 3197 635 3287 vipera
656 3195 689 3262 in
711 3195 829 3288 ignem,
857 3194 930 3260 mali
953 3193 1030 3260 nibil
1051 3215 1164 3286 pansus
1192 3215 1193 3224 ¹

23 3311 88 3370 est.
132 3293 164 3369 6.
186 3297 230 3368 At
250 3297 295 3367 iili
316 3299 535 3370 existimabant
556 3301 712 3386 futurum,
738 3311 775 3368 nt
795 3299 1013 3370 incenderetur
1033 3323 1071 3368 ae
1092 3323 1163 3368 con·

20 3406 145 3476 cideret
170 3415 300 3500 repente
326 3417 481 3476 mortuus.
524 3406 591 3476 Dio
613 3417 720 3476 autem
741 3405 1102 3499 illis-exspectantibus,
1127 3415 1162 3476 et

19 3512 221 3582 initientibus
242 3511 319 3580 nihii
341 3511 416 3580 maii
436 3512 481 3582 illi
503 3514 656 3599 accidere,
684 3524 803 3583 munta
825 3523 931 3584 mente
953 3512 1107 3597 dicebant,
1126 3511 1160 3578 il·

19 3620 96 3686 lum
117 3641 187 3690 esse
209 3615 326 3690 Deum.
432 3659 434 3666 ·

105 3827 134 3888 t.
173 3823 258 3888 Initio
288 3845 321 3886 oa
342 3827 388 3889 itis
416 3827 499 3888 triete
528 3826 600 3888 illod
629 3829 823 3908 speetaontom
853 3825 1034 3902 describitur,
1069 3841 1159 3920 quum

16 3911 70 3966 tot
95 3903 224 3966 homines
248 3907 323 3967 mad'
344 3909 367 3982 ⁸,
395 3907 505 3968 rumis
531 3905 618 3968 etiam
636 3908 750 3968 morinis
768 3908 888 3988 totoque
906 3907 1026 3980 foedati,
1055 3903 1160 3984 ingere

16 3985 112 4048 etiam
130 3985 228 4066 rigidi,
253 3999 337 4066 aegre
356 3987 393 4047 ad
410 3927 478 4046 iiten
497 3983 659 4067 reptbruntr
688 3987 804 4068 perinde
822 3987 899 4046 eninr
917 3986 947 4047 id
967 3991 1041 4058 arat,
1066 3981 1123 4044 aeri
1142 4002 1160 4044 e

16 4065 97 4128 mari
122 4065 206 4126 eieoti
231 4064 327 4127 forent
349 4067 385 4126 ad
405 4067 548 4126 diveranrn
568 4067 783 4150 martigenas.
823 4064 926 4130 Narrat
945 4064 1046 4126 deinde
1064 4059 1158 4123 Luoor

16 4146 187 4207 humaniter
209 4164 228 4206 a
252 4145 377 4208 barbarie
401 4145 488 4207 inisse
510 4153 660 4227 exeeptos,
688 4165 836 4208 emensam
863 4147 950 4208 fuisse
978 4162 1095 4228 pyram,
1123 4149 1158 4219 ut

16 4229 117 4284 vestes
145 4225 286 4288 eierarent
315 4246 349 4288 ae
372 4225 500 4288 membra
522 4225 629 4307 frigore
652 4225 698 4288 tao
719 4227 784 4288 nida
807 4228 950 4288 forment:
981 4224 1092 4285 tandem
1120 4221 1156 4282 ab

16 4301 113 4366 imbre
140 4303 228 4368 irrisae
257 4307 411 4388 proiectos.
454 4305 554 4388 ltaque
581 4305 653 4370 ltere
728 4309 772 4370 eie
797 4305 938 4368 trudendo
964 4324 1046 4367 roam
1070 4301 1154 4386 grati·

432 4407 462 4452 rr

52 4399 157 4444 reret-n
170 4403 193 4444 in
211 4406 268 4446 Ner.
285 4407 342 4447 Uret
357 4407 418 4448 ran.
825 4389 864 4450 31
