2810 4850
72 237 75 246 ‘
111 211 114 220 ’
190 197 232 316 a'o
290 291 293 300 .
435 261 437 269 ·
562 235 784 309 mursae.
803 235 936 304 rosus.

192 371 246 426 ret
276 357 425 423 Probabile
443 361 539 418 autem
557 361 602 416 ast
619 353 671 416 lias
688 351 733 416 illi
751 355 904 416 sententias
921 352 1083 450 dequantes
1100 352 1190 416 inisse
1207 353 1241 416 ln
1260 373 1322 432 ore,

54 459 59 470 ·
193 455 286 528 quum·
302 433 412 502 vid'eret
431 457 462 497 se
479 435 631 497 immodice
649 435 791 516 perversis
809 435 959 496 hominum
976 435 1085 496 rudioiis
1103 435 1218 496 extolli.

273 522 322 586 27.
354 523 701 600 Qutpostnsaoerstena.
739 511 1322 590 DuohicdicitGluistumasetem-

193 621 276 690 pore·
294 597 409 682 quidem
436 595 605 670 secundum,
633 595 685 654 sed
709 594 799 675 gradu
823 593 967 675 dignitatis
990 591 1075 675 louge
1096 595 1225 675 priorem
1248 613 1326 668 asso,

194 681 367 824 ΜΓ
388 673 619 770 illum-'omnibus
643 674 817 770 praetulerit
866 671 996 734 Tertium
1025 672 1112 770 paulo
1134 680 1204 770 posi
1224 673 1327 748 addet,

359 756 424 854 ideo
443 754 506 815 aliu
525 753 656 816 omnibus
675 757 871 837 praepositum
889 771 966 829 assa,
994 769 1064 834 qiua
1086 771 1150 815 rurs
1167 753 1241 817 alios
1260 771 1327 814 om·

193 862 245 904 nes
264 837 425 982 ailgoidhado
442 923 476 977 tra
493 914 673 975 Bellatum.
692 911 763 974 Loci
781 913 890 973 notatio
909 931 968 973 non
986 875 1102 974 urtam
1120 911 1158 974 ad
1175 855 1261 974 duan
1279 911 1328 974 hi-

195 1001 300 1071 storias
319 1001 443 1078 spectat,
466 994 528 1054 sad-
540 995 626 1054 ctiam
644 1000 679 1054 ut
696 994 818 1052 sciamus
836 994 867 1053 in
886 991 990 1053 celebri
1008 991 1160 1052 hominnm
1180 999 1330 1053 couvmtu

195 1081 293 1140 danim
311 1076 397 1136 luisse
416 1073 471 1134 hoc
489 1091 665 1155 responsum.
690 1071 775 1132 Multi
793 1074 870 1132 euim
888 1072 926 1132 ad
939 1070 1053 1132 loannis
1068 1069 1242 1154 baptismum
1255 1091 1328 1132 cou-

194 1157 334 1230 fluebant,
363 1154 410 1214 lrio
434 1160 530 1213 autem
554 1151 712 1212 ordinarius
736 1151 780 1212 illi
797 1150 834 1210 ad
851 1150 1055 1232 baptizandum
1074 1151 1155 1212 lousa
1174 1155 1244 1212 erat.
1284 1149 1329 1210 ut

193 1242 299 1319 putaui
317 1233 403 1294 fiisse
423 1231 550 1292 lordonis
569 1233 733 1292 traiectum:
753 1231 829 1291 unde
848 1237 881 1290 et·
897 1249 1002 1290 nomeu
1021 1230 1175 1307 deducunt,
1193 1249 1259 1290 naus
1278 1231 1326 1290 iu·

194 1402 275 1535 gaeci}
294 1410 472 1556 &dedus
491 1491 508 1532 a
598 1411 747 1530 stampati)
766 1469 849 1530 losua
888 1470 1003 1530 alcieoit
1021 1467 1089 1548 (los.
1109 1472 1140 1543 3,
1159 1407 1329 1548 milvi&

100 1613 103 1624 ,
194 1552 346 1633 legendum
365 1551 463 1634 potius
479 1551 511 1612 iu
530 1552 606 1611 ‘caut
623 1547 793 1610 Bruuius
821 1547 862 1608 Be
933 1550 1101 1609 'unomen
1119 1549 1329 1629 inscitusqui·

195 1633 322 1693 busdam
334 1631 461 1713 positum
479 1629 542 1690 sirit.
581 1627 656 1690 Nam
674 1635 774 1710 postca
793 1628 952 1689 videbimus
972 1645 1060 1708 quam
1077 1628 1172 1688 vicina
1190 1626 1328 1688 Hieroso-

196 1713 208 1772 l
235 1709 238 1714 '
259 1722 293 1772 de
311 1711 399 1771 nant
416 1707 562 1770 Bethania„
608 1707 784 1768 Bethabamc
808 1714 904 1768 auteur
927 1709 1014 1782 situs,
1043 1725 1130 1787 quem
1151 1706 1329 1788 topographi

217 1790 376 1866 osoribunt,
406 1789 514 1870 optime
536 1807 603 1848 oum
621 1785 818 1867 Evrugdistae
842 1786 938 1849 vulsis
957 1788 1098 1850 convenit.
1148 1783 1330 1866 Quanquam

196 1869 232 1933 de
249 1871 331 1932 vocis
350 1867 580 1954 pronuntiatione
598 1887 658 1930 nan
677 1867 828 1928 metendo.
937 1919 940 1928 ,

178 1987 183 1996 ’
243 2039 245 2042 -
284 1999 338 2067 29.
383 1992 537 2067 Postridie
562 1997 649 2068 videt
668 1995 802 2068 loannes
823 1996 929 2068 lesum
950 1981 1130 2070 venientem
1150 1993 1264 2080 adse,
1293 2003 1330 2064 et

199 2104 288 2188 dicit,
314 2101 398 2172 Ecce
419 2101 529 2196 Agnus
550 2103 613 2171 Dei
640 2102 696 2192 qui
721 2103 803 2172 tollit
828 2115 991 2195 peccatum
1013 2103 1132 2172 mundi
1177 2102 1231 2169 30.
1265 2099 1329 2169 Hic

198 2202 255 2280 est
269 2211 396 2301 dequo
419 2207 499 2292 dixi,
521 2207 599 2276 Post
620 2232 673 2275 me
696 2207 782 2298 venit
803 2213 851 2276 vir
873 2209 928 2300 qui
949 2209 1026 2274 mihi
1048 2205 1244 2300 praepositus
1266 2216 1328 2290 est,

74 2373 81 2384 .
197 2317 271 2407 quia
284 2348 285 2351 ¹
299 2313 501 2384 excellentior
528 2337 582 2382 me
610 2322 683 2383 erat
727 2313 781 2387 31,
813 2303 943 2404 Et'ego
968 2337 1036 2382 non
1062 2339 1214 2384 noveram
1235 2335 1328 2381 cum:

199 2420 256 2488 sed
284 2429 321 2485 ut
341 2419 589 2486 manifestaretur
609 2415 729 2500 israeli,
760 2429 925 2510 prepterea
952 2441 1012 2510 ego
1034 2419 1109 2488 veni
1129 2443 1209 2512 aqua
1230 2419 1331 2510 bapti·

197 2546 282 2591 sans.
327 2521 381 2591 32
413 2519 457 2587 Et
482 2522 663 2590 testificatus
690 2531 740 2589 est
760 2521 892 2590 Ioannes
923 2523 1041 2608 dicens,
1073 2522 1144 2617 Ego
1173 2523 1329 2616 conspexi

199 2627 352 2720 Spiritum
373 2625 617 2694 descendentem
638 2627 735 2694 instar
756 2627 920 2697 columbae
947 2629 987 2696 de
1014 2629 1120 2715 coelo,
1152 2641 1186 2700 et
1211 2631 1331 2698 mansit

199 2755 296 2824 super
317 2753 400 2798 eum.
444 2729 500 2797 33.
527 2729 570 2798 Et
590 2755 649 2822 ego
671 2755 738 2799 non
759 2756 911 2802 noveram
932 2757 1021 2803 eum:
1042 2735 1099 2805 sed
1120 2736 1176 2827 qui
1197 2760 1251 2803 me
1271 2736 1331 2802 mi·

200 2838 242 2904 sit
263 2837 302 2902 ad
323 2834 545 2927 baptizandum
568 2856 657 2927 equa,
683 2837 735 2907 ille
757 2837 835 2906 mihi
857 2839 944 2924 dixit·
965 2841 1071 2934 Super
1091 2863 1189 2932 quem
1210 2841 1330 2909 videris

199 2940 353 3033 Spiritum
375 2941 626 3027 descendentem,
647 2953 680 3012 ct
700 2957 882 3014 manentem
903 2969 998 3036 super
1020 2941 1103 3030 erim,
1122 2945 1175 3014 lric
1190 2957 1248 3030 est,
1270 2945 1332 3036 qui

201 3045 338 3137 baptizat
359 3044 392 3111 in
413 3045 534 3137 Spiritu
555 3039 672 3116 sancto.
716 3044 771 3118 34.
803 3049 874 3142 Ego
901 3051 1006 3142 itaque
1027 3049 1105 3136 vidi,
1131 3059 1170 3118 et
1184 3049 1332 3118 testifica·

199 3163 252 3220 tus
274 3166 356 3236 eum',
379 3151 467 3243 quod
489 3150 541 3220 hic
562 3163 611 3220 est
631 3151 713 3221 filius
734 3153 806 3223 Dei.

278 3287 511 3348 ‘timaridis
541 3247 610 3348 Non!
626 3287 743 3350 dubium
761 3296 806 3350 ast
824 3292 894 3370 quin
912 3293 969 3352 iam
987 3294 1066 3374 prius
1085 3291 1121 3353 de
1139 3289 1257 3353 Messius
1275 3241 1329 3354 ets-

200 3363 340 3425 hibitiane
359 3365 446 3425 verba
465 3367 578 3430 lecisset
595 3367 722 3430 loannis:
743 3368 794 3428 sed
812 3388 901 3450 quum
920 3380 1038 3434 exortus
1056 3381 1101 3433 ast
1115 3371 1255 3444 Christis,
1272 3390 1329 3432 vo-

199 3445 255 3505 luit
278 3443 363 3504 trevi·
381 3451 441 3506 tem
479 3466 511 3508 ru
534 3449 712 3513 innotescere
734 3449 810 3508 illius
833 3451 1030 3530 praeconium,
1059 3459 1090 3511 et
1116 3453 1174 3510 iam
1202 3449 1332 3511 instabat

200 3532 314 3604 tempus
334 3542 393 3604 quo
413 3523 438 3583 C
474 3527 481 3541 '
497 3533 544 3586 tus
563 3527 649 3588 finem
667 3529 743 3588 illius
762 3529 917 3589 ministerio
937 3529 1065 3604 aduret,
1084 3529 1331 3610 quemadmodum

133 3607 142 3633 ’·
200 3603 262 3663 sole
281 3609 383 3664 morto
401 3623 504 3664 aurora
523 3605 618 3699 subito
638 3607 890 3702 evanescituErgo
910 3627 1001 3704 quum
1018 3609 1211 3704 sacerdotibus
1226 3609 1339 3704 legatis-

200 3688 321 3740 testatus
340 3689 415 3742 meet
433 3683 530 3744 adesse
547 3703 605 3742 rom
624 3689 654 3742 ct
671 3703 778 3744 versam
796 3707 827 3745 ru
845 3687 939 3748 medio
957 3707 997 3770 po
1016 3687 1067 3764 uli,
1086 3708 1103 3748 a
1118 3687 1329 3770 (pro-baptismi

201 3761 306 3817 vuitus
326 3767 357 3819 et
374 3763 468 3822 virtus
486 3762 609 3842 petenda
627 3771 711 3837 esset,
730 3765 865 3858 postridie
884 3787 950 3826 cum
969 3787 1013 3906 pua⁸
1034 3789 1065 3828 m
1083 3767 1214 3828 ostendit.
1245 3767 1328 3828 llaec

201 3837 279 3894 enim
299 3836 357 3895 duo
375 3841 509 3900 dontinus
528 3843 665 3920 temporis
688 3861 760 3900 serre
779 3845 968 3926 coniunctap
1033 3848 1069 3907 ad
1088 3847 1245 3908 movendos
1264 3849 1327 3906 ani-

201 3933 265 3976 mos
285 3914 388 3974 valent
432 3917 511 3979 Haec
529 3919 628 3978 eudem
646 3921 720 3980 ratio
739 3928 783 3981 est
801 3943 853 3982 cur
871 3923 1002 3986 Christus
1022 3946 1053 3987 ac
1077 3927 1107 3986 in
1127 3929 1186 3986 clus
1207 3945 1327 4006 conspe-

202 3999 283 4050 otum
302 3991 411 4052 offerat
442 4000 517 4059 Boos
535 4001 564 4058 A
609 4021 645 4059 us
662 4003 731 4062 Dei.
761 3999 947 4082 Praecipuum
962 4005 1070 4066 Christi
1089 4005 1217 4068 offitium
1233 4004 1326 4064 brevi-

202 4077 249 4166 tor
265 4070 390 4170 quidem
401 4075 469 4168 ¹sed
479 4022 609 4138 dilucida?
619 4080 747 4160 exponit,
766 4081 844 4160 quod
859 4083 967 4144 scilicet
980 4091 1096 4167 peccata
1110 4085 1210 4144 mundi
1223 4085 1328 4144 mortis

203 4167 271 4208 suae
290 4149 428 4211 sacniicro
447 4156 563 4232 tollens,
582 4155 711 4218 hourines
730 4157 794 4219 Deo
813 4162 983 4224 reconciliet
1022 4163 1088 4226 Alia
1107 4164 1222 4244 pidem
1241 4163 1332 4222 breue·⁴
1389 4201 1390 4206 κ

202 4227 268 4287 licia
286 4227 369 4289 nobis
390 4231 499 4294 confert
518 4235 663 4312 Christus,
692 4237 752 4298 sed
766 4237 823 4298 hoe
846 4259 1003 4318 summum,
1034 4249 1063 4302 st
1081 4263 1119 4302 ex
1139 4227 1197 4322 quo
1216 4243 1326 4321 reliqua

202 4306 473 4404 dependenttuquod
490 4313 562 4374 iram
575 4311 633 4374 Dei
651 4317 789 4397 placando
804 4317 877 4378 iacit
896 4325 932 4378 ut·
947 4322 1013 4382 iusti
1029 4327 1059 4382 st
1073 4323 1138 4404 puri
1152 4313 1325 4380 censeamur.

202 4383 248 4444 Ex
267 4385 324 4446 hoe
342 4405 418 4448 crum
436 4389 516 4478 toute
534 4395 680 4474 profluunt
699 4417 796 4461 eomes
815 4397 956 4464 bonorum
975 4403 1044 4479 rivi,
1064 4399 1140 4482 quod
1159 4397 1241 4461 Deus
1260 4418 1325 4480 pec·
