2742 4856
200 209 258 272 em
600 203 641 266 ΙΝ
658 200 762 267 ACTA
781 201 919 267 nrosr.

202 325 268 383 liin'e
288 321 420 382 discimus
438 337 525 399 quarn
545 337 643 381 mmm
663 323 699 381 sit
717 319 796 395 illud,
816 317 920 380 (imula
938 339 1009 380 sana
1026 323 1114 382 sente
1154 320 1230 385 erait
1247 324 1307 387 erin

202 411 267 462 tam
290 401 403 461 salubre
430 407 487 474 est,
517 401 594 480 quod
623 421 679 461 non
703 401 797 461 vitiosi
821 401 937 461 sffscss
962 410 1134 462 convertant
1157 406 1189 464 iu
1211 425 1307 464 nessus

204 481 354 542 Caeterum
379 480 437 539 lucc
460 487 568 560 spectat
586 479 666 541 Pauli
691 484 721 540 et
739 479 885 540 Barnabae
908 483 1047 556 narratio,
1079 489 1112 542 ut
1139 503 1225 543 sunm
1251 487 1308 543 inter

202 569 300 642 gentes
309 559 581 700 Apostolalumaec
602 561 751 642 probatum
769 559 857 618 inisse
873 559 1076 636 demonstrent,
1095 563 1307 644 qnandoquidem

203 641 352 715 miraculis,
372 659 445 720 qnae
463 659 516 700 sun
578 659 611 700 ns
630 638 826 720 velut‘sigills,
844 637 1073 700 confirmatnsac
1088 643 1307 702 ascensioni.

281 723 328 782 13.
367 724 429 780 Res
488 723 531 780 dit
548 723 675 782 Iocodos
693 722 797 781 diceru-
836 716 968 798 Plerique
986 740 1025 778 ex
1044 723 1169 780 vetn'stis
1187 719 1307 782 Factam

202 797 402 880 Scriptoribus,
434 799 553 859 acobum
573 801 651 860 hune
670 819 757 858 uuum
776 817 814 861 ex
833 799 974 879 discipulis
990 799 1082 860 fuisse
1092 807 1205 880 putant,
1220 821 1249 861 eo
1280 823 1306 861 n·

202 882 279 940 mine
297 877 406 938 lustum
426 886 454 939 et
474 877 598 953 Oblism,
617 881 697 940 cuins
716 878 856 958 indiguam
876 878 990 938 caedens
1009 879 1098 938 retert
1107 880 1239 962 Iosephus
1262 882 1305 942 'tn

203 959 343 1038 Antiquit.
363 961 411 1022 20.
440 957 499 1018 Sed
518 960 626 1018 utinum
645 960 676 1018 in·
695 977 729 1018 co
767 957 888 1018 oscendo
907 957 1022 1018 homine
1041 960 1134 1040 magis
1154 959 1308 1020 labemnnt

202 1046 327 1112 veteres,
352 1057 438 1119 quam
461 1039 492 1098 in
517 1038 682 1100 celebranda
705 1037 732 1097 fa
754 1037 838 1096 closis
856 1040 992 1097 encomiis
1011 1040 1101 1118 ignoti
1121 1037 1241 1098 hominis
1257 1032 1316 1098 san?

203 1119 344 1178 ctimcnia.
383 1115 495 1178 Puerile
520 1123 712 1178 commentum
736 1123 793 1190 est,
822 1117 898 1196 qnod
923 1117 977 1176 soli
996 1117 1039 1177 las
1059 1119 1146 1177 luisse
1166 1119 1259 1178 dicum
1276 1121 1309 1176 iu-

166 1235 171 1246 ι
202 1199 278 1279 gredi
297 1199 326 1256 in
346 1196 451 1256 Sancta
468 1195 652 1256 Sanctorum:
681 1215 749 1256 nom
776 1196 801 1254 si
822 1199 852 1255 in
877 1195 927 1256 illo
945 1199 1073 1277 ingressu
1091 1197 1187 1276 aliqua
1207 1198 1311 1257 rubent

201 1279 314 1358 religio,
337 1275 447 1336 iecisset
486 1283 577 1336 raeter
595 1275 650 1336 Dei
670 1273 775 1358 Legem
794 1277 843 1356 qui
863 1295 921 1336 non
940 1284 1002 1336 crat
1019 1297 1143 1346 summas
1162 1276 1309 1336 Sacenlos:

201 1357 300 1417 deinde
328 1355 384 1415 hoc
413 1297 498 1415 modo
529 1353 706 1418 umbratilem
731 1363 786 1414 tem
807 1357 827 1415 li
851 1355 961 1415 cultum
980 1357 1071 1424 lovere
1089 1358 1310 1435 superstitiosum
1348 1377 1349 1384 ¹

200 1443 268 1495 erat.
292 1434 371 1518 Alius
390 1434 494 1494 similes
513 1436 628 1495 naenias
648 1437 754 1496 omitto.
784 1375 944 1495 Blurimum
963 1443 1054 1496 antem
1070 1435 1213 1506 inlinatur,
1231 1437 1307 1513 quod

199 1535 289 1574 unum
307 1514 344 1573 e'x
363 1513 558 1576 duodecimll
598 1515 679 1577 siclis
702 1516 787 1576 luisse
810 1522 922 1596 negant
969 1513 1057 1575 Fatesi
1078 1516 1151 1573 enim
1173 1522 1309 1594 eoguntur

198 1611 264 1652 enm
283 1612 355 1664 esse,
373 1613 458 1674 quem
477 1601 537 1656 tam
576 1595 710 1656 onorifice
728 1593 835 1660 Paulus
854 1593 931 1676 (Gal,
952 1600 981 1668 2,
1001 1597 1042 1674 9.)
1061 1593 1189 1664 celebrat,
1207 1600 1239 1653 nt
1257 1596 1309 1672 pri·
1348 1645 1349 1650 ,

198 1693 279 1733 ιιιιιιιι
302 1673 343 1734 illi
368 1673 473 1736 mount
495 1676 590 1738 locum
613 1677 689 1738 iuter
709 1681 766 1734 tres
790 1673 933 1736 Ecclesiae
951 1675 1106 1736 columnas.
1145 1671 1229 1732 Certe
1246 1692 1311 1732 nun·

199 1773 287 1834 quam
306 1755 345 1813 ita
364 1753 544 1816 excelluisset
563 1777 595 1816 su
618 1773 650 1816 ra
668 1753 821 1836 Apostolos
840 1755 980 1836 quispiam
999 1755 1099 1814 ordine
1107 1753 1236 1812 interior:
1254 1773 1313 1811 nam
1348 1821 1349 1824 Ἴ

198 1853 264 1893 enm
275 1831 573 1916 PaulnsomstApost
603 1837 716 1898 rtitnlo.
746 1833 806 1896 Nec
825 1835 923 1894 auditu
942 1835 1061 1917 dignum
1074 1839 1128 1907 est,
1148 1832 1225 1912 quod
1239 1832 1312 1890 altert

199 1908 400 1995 Hieronymus,
425 1916 555 1995 generale
578 1917 635 1978 illic
654 1935 714 1976 esse
733 1914 962 1994 nomem‘quum
981 1936 1018 1974 ex
1058 1914 1168 1972 missso
1188 1917 1314 1972 eadelm
1348 1929 1349 1998 ι

200 1993 306 2054 ordinis
325 1994 456 2078 dignitas,
473 1997 686 2074 quatenusaliis
701 1994 841 2059 Ecclesiae
855 1994 1017 2054 doctoribus
1027 1993 1160 2052 tirristus
1170 1992 1314 2072 Apostolos
1348 1999 1349 2040 l

199 2075 339 2170 praetulit
378 2073 424 2136 Ad
443 2071 514 2134 haec
532 2077 662 2158 colligere
681 2095 717 2136 ex
733 2075 788 2134 hoc
807 2076 871 2134 loco
887 2081 1052 2154 promptum
1068 2079 1121 2146 est,
1141 2093 1201 2131 non
1215 2071 1313 2150 volgari
1348 2061 1349 2130 i

197 2151 1315 2311 crum„sternuisserecreasset
1348 2139 1349 2188 ‘

140 2305 143 2312 Α
198 2315 237 2376 18
256 2314 359 2374 iterum
379 2315 543 2389 videbimus,
563 2323 701 2398 quantum
720 2313 936 2394 Hierosolymo
945 2313 1066 2373 valuerit
1084 2313 1147 2372 eius
1162 2311 1314 2388 undositas

197 2389 230 2450 lsl
249 2393 354 2453 lacinus
373 2411 436 2454 esse
455 2397 558 2475 putant
574 2403 693 2468 veteres,
712 2395 789 2476 qnod
808 2393 863 2453 loci
882 2399 957 2453 essct
970 2391 1147 2474 Episcopum
1166 2391 1246 2472 atqui
1260 2409 1316 2470 pro·

197 2471 290 2533 babile
311 2493 369 2532 uon
389 2481 446 2548 est,
470 2474 567 2557 fideles
591 2475 717 2536 ordinem
737 2493 754 2535 a
774 2473 888 2534 Christo
907 2474 1033 2554 positum
1052 2491 1107 2531 sun
1126 2469 1243 2531 arbitrio
1261 2489 1314 2528 mu·

196 2557 280 2612 tasse.
330 2550 428 2630 Quare
456 2571 515 2614 non
545 2554 643 2614 dubito
673 2556 742 2636 quin
773 2555 859 2614 luerit
887 2552 1009 2634 Alphsei
1032 2551 1110 2612 lulius
1144 2557 1176 2610 et
1207 2567 1313 2608 sonmo

195 2631 464 2787 ilfssslllzli
482 2629 1241 2792 liciti„illmffil‘st‘li‘ufilimi*
1259 2627 1314 2686 ¹³⁵*

194 2787 277 2862 lacit,
296 2789 349 2848 nisi
368 2789 447 2868 quod
465 2789 532 2850 hinc
551 2793 626 2852 clare
644 2795 778 2854 refellitur
797 2735 1102 2874 Padadimpudenlia,
1126 2791 1206 2872 qood
1225 2809 1259 2848 es
1275 2787 1315 2844 la-

194 2865 257 2926 cobi
302 2869 377 2927 otius
401 2887 486 2948 quam
507 2867 584 2931 Petri
604 2875 771 2956 auctoritaie
789 2872 909 2933 Concilii
934 2871 1078 2932 decretum
1102 2871 1240 2930 statuitur.
1276 2863 1316 2922 El

195 2953 276 3006 certo
313 2947 427 3008 nsebius
445 2950 526 3009 initio
550 2947 665 3012 secuiudi
690 2952 768 3027 libri,
796 2951 944 3024 Iacobum,
973 2953 1102 3032 quisquis
1131 2949 1184 3010 ille
1208 2945 1317 3008 umen

194 3024 293 3100 inerit,
321 3027 527 3108 Apostolorum
551 3029 725 3114 Episcopum
753 3051 856 3093 vocare
885 3051 944 3092 non
973 3030 1091 3090 dubitat.
1142 3029 1220 3090 Eunt
1247 3045 1318 3088 nnnc

194 3103 388 3188 Romanenses
408 3116 437 3168 et
455 3107 563 3190 Papam
588 3131 672 3172 snum
691 3113 838 3173 universae
858 3109 1000 3172 Ecclesiae
1019 3115 1107 3191 caput
1125 3129 1190 3170 esse
1208 3111 1318 3170 ὶκιιιιι,

194 3187 261 3326 qubip
274 3185 517 3328 pfflfumm
536 3199 589 3270 est,¹
608 3193 659 3274 qui
678 3193 798 3254 alterurn
816 3192 875 3262 sibi
888 3207 1018 3276 praeesse
1038 3207 1142 3271 passus
1159 3195 1217 3264 sat,
1237 3185 1321 3248 siliu-

192 3287 223 3327 se
243 3287 270 3326 ιο
290 3287 306 3326 c
356 3289 421 3329 rur.

277 3351 345 3409 Vos
359 3351 489 3431 scotres,
519 3353 620 3413 sudus
644 3375 698 3414 me.
736 3349 859 3412 Duobus
877 3351 1035 3433 praecipuis
1055 3343 1192 3410 membris
1213 3351 1321 3406 cmrstat

192 3423 288 3486 lucebi
307 3429 408 3489 oratio.
441 3427 521 3491 nam
540 3434 665 3512 primum
683 3431 833 3493 confirmat
851 3433 978 3516 gentium
998 3433 1178 3489 vocationem
1199 3427 1320 3488 mmo·

193 3506 242 3565 nio
261 3504 421 3588 Prophetae
434 3509 534 3583 Amos,
554 3511 656 3572 deusde
675 3511 817 3586 ιᾱιιιοιιιι,
836 3512 906 3594 qnid
925 3511 1002 3571 lactu
1022 3509 1092 3569 utr'le
1110 3509 1150 3568 sit
1168 3506 1209 3566 ad
1230 3507 1323 3566 inm

193 3584 260 3644 dam
279 3587 354 3647 inter
372 3587 470 3654 fideles
488 3609 589 3672 pacem
605 3597 639 3651 et
657 3593 847 3666 concordiam,
866 3597 900 3652 ut
918 3597 1013 3652 tamen
1033 3590 1112 3650 selva
1131 3595 1253 3648 maneri
1264 3605 1323 3666 ger

193 3663 268 3724 tibus
287 3665 416 3742 libertas,
442 3687 498 3729 nee
518 3671 625 3731 Christi
649 3673 737 3753 gratis
757 3672 933 3732 obscuretur.
973 3667 1059 3749 Quod
1079 3667 1187 3730 Petrus
1210 3667 1261 3726 laic
1281 3685 1323 3722 ro

193 3751 274 3805 catur
293 3741 424 3822 Simeon,
453 3747 516 3809 fieri
540 3755 634 3832 potest
658 3757 691 3810 ut
714 3769 818 3816 nomen
841 3751 898 3812 hoc
916 3752 996 3812 varie
1014 3757 1083 3810 tune
1102 3751 1324 3829 pronuntiatum

191 3824 287 3886 fuerit.
327 3825 414 3905 Quod
434 3827 502 3890 dicit
510 3828 606 3890 Deum
625 3831 753 3892 visitasse
772 3837 805 3892 nt
824 3837 947 3891 summat
965 3831 1104 3910 populum
1122 3847 1162 3887 ex
1182 3827 1325 3966 ffitibus

192 3905 314 3966 retertur
331 3907 369 3967 ad
387 3905 443 3968 Dei
462 3909 696 3984 mian-icamiam,
724 3931 782 3991 qna
811 3911 941 3992 dignatus
961 3915 1005 3968 est
1028 3909 1057 3968 in
1082 3919 1166 3967 snam
1254 3908 1324 3962 ima

192 3985 329 4047 asciscere
352 3994 512 4050 extraneos.
552 3987 634 4050 Dura
659 3989 774 4070 quidem
798 3996 842 4049 est
864 3989 1008 4069 loquutio,
1038 3986 1088 4046 sed
1117 4005 1198 4068 qnae
1230 3985 1325 4046 ntilen

191 4064 317 4123 continet
346 4066 518 4144 doctrinam,
546 4067 614 4150 qnia
632 4068 729 4130 Deum
752 4070 898 4130 auctorem
917 4067 1073 4142 vomtinnia
1097 4068 1233 4148 gestium
1254 4065 1326 4124 iacit

191 4143 221 4192 et
240 4140 488 4228 einstenelicicnr
507 4165 570 4209 esse
587 4149 760 4229 pronuntiat,
779 4149 857 4230 qnod
876 4150 985 4209 censeri
1003 4149 1033 4208 in
1052 4148 1113 4208 eius
1133 4147 1253 4228 popolo
1267 4161 1327 4204 coe

190 4220 298 4288 Μαι.
318 4218 366 4277 nbi
385 4220 452 4284 ‹lieit
471 4227 507 4286 ab
526 4245 561 4288 eo
580 4235 740 4366 snscesptasr'
768 4230 818 4290 sed
838 4229 957 4289 ulterius
975 4227 1171 4310 progreditur,
1193 4228 1272 4286 dm
1293 4223 1328 4278 n·-

191 4287 289 4348 sitsssc
307 4293 376 4352 dicit
394 4307 426 4358 nt
444 4307 608 4388 erumperet
670 4293 754 4367 susus
773 4309 849 4370 eninr
871 4315 930 4384 est,
962 4327 1020 4389 qno
1049 4315 1182 4387 tempore
1208 4321 1329 4365 aversae

190 4371 385 4450 “uigentes
400 4376 505 4460 allae,
524 4386 678 4448 dementer
695 4387 782 4450 inissa
802 4387 838 4450 als
856 4404 893 4451 eo
913 4393 1062 4470 respectas,
1082 4383 1330 4468 qnianffiildisd
