2786 4870
204 241 241 304 aa
600 231 916 318 macramosr.

279 353 322 414 111
350 373 454 435 omnes,
467 352 691 436 permeabant.
733 349 788 415 Hic
811 349 932 413 ostendit
956 347 1052 413 animis
1073 353 1202 418 intentos
1226 353 1313 420 irdsse

198 433 232 494 in
249 428 371 513 Spiritm
389 429 630 513 exspectationem.
668 429 747 494 Haoc
765 431 840 492 enim
857 431 912 494 diis
930 436 975 491 est
996 435 1129 514 precandi
1153 453 1256 514 causa,
1278 445 1313 499 ut

199 510 330 574 Christus
348 509 485 593 Spiritum
502 513 603 588 mittut,
625 511 706 574 sicuti
724 509 859 594 promisit
902 507 985 570 Unde
1003 529 1036 570 oo
1056 513 1063 529 ⁸
1082 515 1098 530 ''
1123 533 1159 576 us
1178 533 1244 575 eam
1263 517 1312 576 de·

198 611 280 653 mum
297 609 360 652 esse
378 607 473 651 reram
492 589 590 665 iidem,
613 609 685 672 quae
703 610 756 652 nos
775 591 812 651 ad
834 588 930 650 Deum
954 589 1072 651 invocas
1164 593 1310 656 sollicitat

90 693 91 702 ¹
198 667 321 732 Multum
339 671 414 732 enim
433 671 525 731 differt
542 689 560 730 a
578 669 787 731 summittite
806 671 948 730 securitas.
976 666 1039 736 Nec
1056 689 1120 734 sane
1132 673 1196 734 idco
1206 673 1312 735 Domi.

197 749 683 910 tta-*ttttttttttttttt
701 745 1309 892 fflr¹¹ttt‘tttt¹⁰t²⁰tttt

198 907 377 970 dubitationis
390 908 501 988 signum
514 913 558 967 est
568 848 704 990 precatio?
712 907 769 967 'sed
783 907 877 988 potius
889 905 1009 968 fiduciae
1017 851 1223 970 scamonii-b
1242 911 1310 990 quia

197 991 320 1072 petimus
339 999 361 1049 ι·
373 983 500 1047 Domino
520 1005 592 1067 quae
609 985 764 1068 poilicibrm
782 1003 844 1046 esse
862 985 987 1062 ocimum*
1004 994 1040 1048 ut
1057 987 1190 1068 precibus
1206 987 1312 1048 uostais

195 1067 341 1128 concedat.
369 1065 411 1126 lta
429 1085 482 1126 nos
502 1085 616 1146 quoque
634 1083 733 1126 eorum
752 1064 882 1146 exemplo
900 1065 1031 1146 preu'bus
1050 1067 1157 1126 instare
1170 1067 1311 1140 convenit,

193 1154 230 1208 ut
249 1145 409 1228 quotidiana
427 1143 548 1226 Spiritus
566 1151 716 1226 augmenta
733 1145 921 1225 impetremus.
960 1144 1122 1228 Augmeuta
1142 1143 1220 1204 dico:
1246 1146 1310 1226 quia

193 1227 360 1365 iiii?
371 1226 697 1382 &iiim-iiiiii
715 1221 1243 1384 tttttttttttttttttt‘
1262 1243 1310 1318 ¹²*-

194 1405 253 1446 non
266 1349 351 1445 modo
365 1383 497 1443 verbane
517 1381 540 1442 is
551 1382 646 1456 dietat,
664 1380 714 1442 sed
726 1383 871 1443 interiores
880 1379 995 1443 affectu
1004 1385 1074 1464 regit
1083 1381 1179 1460 (Rom
1191 1321 1310 1462 &²26qu

193 1458 262 1523 Duo
282 1467 425 1544 praetema
444 1461 576 1555 exprimit
593 1459 699 1535 Lucas,
723 1473 795 1542 quae
819 1465 887 1520 sunt
914 1479 998 1522 verae
1024 1463 1142 1522 orationi
1169 1463 1305 1542 proprias

192 1561 296 1622 nempe
314 1540 390 1621 qnod
409 1541 587 1636 persbterint,
606 1545 636 1601 at
653 1539 755 1599 suerint
773 1541 926 1600 unanimes.
956 1537 1020 1602 Fuit
1035 1539 1249 1621 bocpatimtiae
1260 1541 1304 1622 ip-

191 1619 484 1714 sornm‚exercit1um‚
509 1619 587 1716 quod
600 1619 781 1716 ‘aliquamdiu
803 1628 853 1680 cos
876 1615 1005 1680 Christus
1028 1635 1178 1714 suspensos
1202 1623 1305 1694 tenuit,

192 1705 400 1848 ttttttt
413 1697 811 1874 tttttttwtttttt
826 1695 1117 1858 dirimi
1130 1697 1307 1836 &titt

190 1801 301 1927 iiiiosa
320 1863 376 1932 est,
394 1856 454 1916 imo'
471 1858 557 1916 noxia
579 1863 665 1937 pestus
688 1864 821 1918 votorum
839 1853 991 1916 festinatio:
1017 1875 1107 1938 quara
1124 1875 1185 1916 non
1203 1855 1305 1916 nurum

191 1944 250 2013 est,
278 1939 303 1997 si
321 1955 384 1996 cam
402 1934 542 1996 Dominus
562 1936 683 2016 castiget
730 1934 852 2011 Interea,
880 1942 914 1995 ut
932 1935 1003 2010 dixi,
1032 1933 1069 1994 ad
1088 1934 1223 2016 precandi
1241 1953 1304 1994 con·

190 2017 323 2078 stantiam
342 2034 395 2077 nos
414 2023 535 2076 exeam.
572 2013 649 2096 Ergo
668 2013 692 2074 si
710 2015 842 2075 volumus
860 2033 920 2074 non
936 2015 1041 2074 busun
1060 2033 1149 2090 orare,
1168 2033 1206 2074 ne
1224 2033 1305 2074 mora

190 2098 327 2192 temporis
355 2093 512 2176 fatigemur.
562 2091 708 2174 Quantum
737 2093 773 2154 ati
797 2094 957 2154 animorum
980 2093 1158 2154 concordiam
1183 2099 1304 2173 spectat,

190 2173 379 2258 dissipationi,
404 2193 491 2255 quam
509 2173 642 2234 attrdorat
659 2191 765 2254 pavor,
789 2173 950 2256 opponitur.
988 2169 1078 2232 Simul
1096 2179 1191 2232 tomen
1209 2171 1239 2231 iu
1253 2192 1304 2254 ge-

124 2291 127 2308 ι
190 2275 272 2332 nere,
301 2273 387 2336 quarn
406 2255 490 2315 sitin
510 2253 616 2313 orando
634 2252 807 2330 necessario,
835 2249 882 2312 vel
904 2249 973 2312 binc
990 2251 1116 2333 mitigare
1134 2257 1305 2332 promptum

189 2341 243 2408 ost
263 2335 341 2414 quod
360 2331 488 2392 Christus
507 2331 631 2412 singulos
650 2350 702 2426 pro
721 2338 783 2392 toto
803 2349 930 2412 corpore,
950 2333 979 2389 et
996 2330 1199 2406 incommune,
1216 2331 1306 2470 prasi
1381 2377 1382 2384 ,

190 2413 244 2484 sub
265 2413 390 2474 omnium
409 2429 530 2492 persona
549 2429 631 2471 orare
648 2409 739 2471 rubet:
757 2409 844 2471 Patar
861 2416 967 2482 nomm,
984 2405 1033 2470 Da
1044 2409 1134 2484 uobis,
1146 2415 1198 2470 etc
1245 2409 1307 2470 ude

190 2491 262 2553 baec
280 2493 439 2571 linguarum
458 2491 564 2560 unitas,
589 2487 643 2548 uisi
661 2489 696 2548 ab
715 2509 774 2549 uno
794 2489 816 2550 S
836 2489 920 2548 iritu'?
958 2483 1056 2565 Quare
1073 2487 1180 2548 Paulus
1199 2491 1247 2554 15.
1267 2488 1306 2548 ad

190 2569 273 2634 Rom.
294 2588 383 2650 quum
402 2567 464 2627 vult
481 2567 590 2628 ludaeis
608 2573 638 2628 et
661 2566 798 2630 Gentibus
876 2586 893 2626 e
917 2565 1014 2629 orandi
1036 2569 1165 2650 regulam
1185 2569 1305 2642 undae,

190 2668 304 2710 onmem
322 2646 423 2728 procul
442 2645 613 2706 simultatem
636 2654 761 2709 amovet:
792 2653 825 2708 ut
848 2645 1047 2722 unanimes‚·'
1109 2648 1142 2724 t,
1172 2662 1230 2708 uuo
1252 2665 1305 2708 ore

192 2725 379 2808 glorificemus
398 2723 503 2785 Deum.
541 2720 579 2784 Et
598 2732 675 2786 certa
693 2732 727 2785 nt
744 2723 824 2786 Deus
842 2727 990 2786 invocetur
1009 2743 1027 2786 a
1045 2667 1128 2788 ediis
1136 2723 1231 2804 Pater,
1248 2727 1302 2788 ira·

188 2811 248 2888 tres
266 2823 319 2866 uos
337 2821 411 2881 csso,
430 2809 460 2864 et
476 2802 597 2864 fraterna
617 2805 775 2866 consentius
793 2810 915 2888 oportet.

276 2975 329 3043 15.
372 2973 409 3044 n
431 2973 539 3044 uasa
559 2975 618 3046 uu
640 2998 812 3070 mmm
832 2975 943 3048 rems
963 2977 998 3048 a
1017 2957 1124 3050 aeuo
1146 2979 1303 3074 neptia

186 3105 269 3169 rum,
290 3079 386 3150 dixita
413 3084 496 3172 (erat
522 3094 628 3152 sutem
653 3081 745 3151 unba
770 3083 938 3153 nominum
964 3084 1059 3152 simul
1084 3084 1150 3156 iere
1177 3096 1302 3158 oeumm

185 3189 318 3283 viginti.)
363 3185 415 3256 16.
443 3187 507 3256 Viri
528 3187 652 3274 iratres,
679 3190 819 3282 oportuit
844 3188 967 3282 impleri
992 3191 1187 3283 Scripturmu
1212 3191 1304 3274 hane,

186 3319 284 3389 quanm
304 3292 458 3386 praedixit
477 3293 612 3386 Spiritus
632 3303 758 3364 mustus
778 3317 836 3387 per
858 3317 896 3364 os
917 3293 1048 3364 Davidis
1069 3298 1109 3366 da
1129 3297 1221 3380 Iuda,
1248 3295 1305 3387 qni

135 3475 143 3488 ,
184 3401 245 3470 iuit
261 3402 332 3468 dux
352 3399 391 3467 iis
413 3399 467 3490 qui
488 3398 791 3492 comprehenderunt
811 3399 926 3470 lesum.
971 3401 1024 3470 17.
1050 3402 1115 3488 Qui
1134 3411 1305 3493 cooptatus

185 3507 286 3578 firerat
305 3504 339 3574 in
360 3527 527 3574 numerum
547 3515 698 3589 nostrum,
720 3514 751 3573 et
771 3505 899 3574 sortitus
920 3516 985 3575 erat
1004 3517 1124 3599 partem
1138 3505 1305 3575 ministerii
1376 3577 1377 3582 ,

184 3613 291 3684 buius.
335 3611 387 3679 18.
408 3609 452 3677 Et
471 3609 524 3678 hie
544 3607 672 3701 quidem
692 3609 831 3701 possedit
851 3609 916 3700 (rel
936 3614 1109 3706 „paravit'J
1128 3636 1238 3706 agrum
1260 3635 1305 3682 ex

184 3715 330 3788 mercede
355 3715 538 3807 iniquitatis,
570 3737 805 3806 suspensusque
831 3716 952 3810 crepuit
977 3719 1117 3808 medius,
1147 3729 1179 3790 et
1205 3719 1304 3788 effusa

164 3833 261 3896 sunt
281 3821 386 3890 omnia
408 3819 474 3889 eius
495 3820 624 3906 viscdra,
646 3818 697 3888 19.
718 3818 761 3888 Et
779 3819 918 3892 innotuit
933 3824 1078 3892 omuibus
1094 3823 1302 3893 habitantibus

184 3925 444 4018 Hierosolymam·
474 3925 518 3996 lta
540 3937 577 3994 ut
596 3935 725 4041 vocam
746 3926 788 3996 sit
807 3953 881 4022 ager
905 3927 958 3996 ille
978 3927 1083 4022 lingue
1111 3953 1223 4000 conam
1244 3929 1302 3998 Ha

185 4031 338 4112 celdama,
363 4031 429 4099 hoc
452 4039 509 4098 est.
526 4055 599 4124 ager
622 4032 792 4126 sangoinis.
834 4035 889 4102 Ἄ).
909 4031 1071 4128 Scriptum
1092 4043 1142 4104 ast
1162 4034 1302 4104 enimin

184 4132 265 4199 libro
286 4131 495 4202 Psabnorum:
526 4135 597 4204 Fiat
622 4133 770 4208 habitatio
792 4141 859 4232 ejus
882 4139 1017 4227 deserta,
1044 4149 1077 4209 et
1096 4163 1165 4207 non
1186 4140 1228 4208 sit
1248 4139 1302 4230 qui

185 4235 351 4318 tubabibet,
372 4247 406 4306 et
425 4239 641 4333 episcopatum
661 4245 728 4312 eius
749 4243 878 4337 accipiat
897 4245 986 4316 alius.
1029 4243 1082 4314 21.
1098 4243 1237 4337 Oportet
1250 4243 1303 4336 igi·

184 4348 237 4408 tur
257 4362 299 4407 ex
319 4337 358 4407 iis
379 4342 433 4430 qui
453 4344 616 4416 uobismun
637 4348 762 4418 bierunt
782 4349 958 4444 cougregati
978 4359 1047 4422 toto
1068 4360 1215 4444 tempore
1236 4369 1305 4442 quo
