2810 4850
605 238 733 301 CAPUT
753 241 788 302 11.
1229 259 1268 318 37
1304 238 1309 250 '

110 378 187 440 ergo
207 360 352 430 mentes,
379 361 414 416 et
439 351 599 414 vendentes
623 357 700 416 etieit
724 377 761 418 ex
780 359 911 440 templo?
949 359 989 422 Ut
1006 365 1115 428 unitum
1133 365 1192 429 Dei
1211 369 1261 432 bo·

114 441 222 498 minum
241 437 317 496 vitio
339 433 543 495 adulteratum
563 453 632 496 eune
650 437 807 518 integritati
826 441 969 516 restituet,
994 449 1078 524 utque
1097 445 1154 508 boe
1173 451 1260 512 modo

115 518 212 599 tempti
232 518 425 576 sanctitatem
442 515 591 574 instauret
609 533 644 576 oo
662 524 777 578 usserat.
822 518 937 580 Scimus
962 530 1058 584 eutem
1081 535 1259 592 exstructum

112 598 198 658 inisse
218 603 283 658 tem
302 595 372 654 lum
398 593 467 653 illud
491 599 529 653 nt
549 613 649 655 eornm
667 596 768 656 umbra
793 606 882 674 esset,
912 619 1037 680 qrrorum
1060 607 1125 666 viva
1149 607 1258 690 effigies

108 685 209 738 exstat
227 678 262 737 in
300 675 405 735 bristo.
442 673 546 754 tuque
566 681 600 734 ut
619 694 731 737 suornm
749 675 815 738 Deo
835 689 971 756 muneret,
991 685 1105 744 nonnisi
1122 688 1157 746 ud
1176 691 1257 770 epiri·
1343 669 1348 688 ⁸

104 758 208 820 tnnloe
227 775 306 816 neus
327 753 527 835 uppiimndum
545 762 615 816 erut
657 753 721 817 flac
740 756 776 818 de
796 775 881 820 oense
900 759 944 820 fus
963 780 1028 823 esso
1047 771 1132 842 negat
1149 768 1179 826 in
1197 789 1256 828 em·

105 839 238 919 ponium
269 835 405 894 converti.
453 831 634 914 Principium
659 839 736 896 enim
760 839 847 899 sunit
865 857 903 899 ex
922 839 978 900 Dei
1003 841 1150 918 instituto,
1179 847 1256 926 qnod

107 935 239 997 semper
258 914 340 974 nobis
357 913 511 973 tmmdnm
530 921 584 975 ent
614 914 844 998 Quibnsonnque
863 937 932 1000 ergo
947 923 1107 1016 praestigiis
1117 923 1198 982 tndn
1206 924 1256 985 Se·

110 1003 183 1072 tan,
204 993 339 1076 qmeqnid
357 991 441 1055 uDei
459 994 597 1054 mandato
616 997 664 1056 vel
684 998 828 1061 tuntillnm
848 999 979 1076 desseetrt,
999 1003 1123 1062 sciemus
1143 1022 1258 1084 perver-

115 1097 189 1154 nnm
208 1093 278 1135 eme.
306 1073 460 1156 speciosus
480 1073 518 1134 ud
539 1073 694 1136 fallendum
713 1085 776 1138 erut
793 1079 842 1138 ille
861 1079 953 1155 tuens,
972 1083 1066 1142 iuvari
1085 1090 1116 1142 et
1157 1085 1257 1146 rovebi

115 1153 178 1216 Dei
197 1154 317 1230 ruitum,
337 1173 430 1234 quum
448 1153 487 1214 ud
507 1173 625 1215 monum
643 1155 774 1218 fidelibus
788 1159 1006 1240 porrigebantur
1020 1103 1255 1240 qnueoddrrentz

114 1234 168 1294 ned
211 1235 256 1294 niu
269 1233 351 1294 Dms
371 1236 402 1294 in
422 1234 495 1294 aiios
516 1253 585 1294 usus
605 1237 744 1317 templum
763 1239 1055 1314 ennmdeetiuovernt,
1076 1241 1147 1302 nihil
1160 1243 1254 1304 mo'ru·

109 1323 162 1374 tur
241 1315 248 1330 '
278 1334 322 1390 nn,
342 1333 418 1394 quue
437 1313 576 1374 adversus
596 1315 724 1376 ordinem
744 1315 841 1378 uDeo
861 1321 987 1400 positum
1007 1321 1091 1382 obiici
1132 1329 1252 1398 pterunt.

106 1393 178 1454 Non
199 1395 302 1454 eadem
322 1394 408 1454 bodie
428 1395 605 1475 templorum
623 1403 789 1459 nostrorum
807 1405 851 1457 est
870 1402 958 1476 ratio,
979 1402 1029 1462 sed
1049 1343 1130 1482 qnod
1147 1403 1183 1462 de
1202 1421 1251 1461 ve-

108 1477 167 1536 teri
186 1473 298 1556 templo
319 1474 425 1534 dieitur
444 1475 499 1534 rite
520 1481 551 1536 et
570 1477 684 1558 proprie
704 1475 903 1554 inEeclesiam
922 1481 1069 1562 competit.
1110 1479 1162 1542 Est
1174 1483 1250 1544 enim

107 1555 290 1626 eoelestein
308 1561 385 1614 terra
404 1551 462 1615 Dei
482 1556 647 1615 mererium.
677 1575 681 1581 ’
755 1577 787 1618 re
806 1565 872 1620 unte
892 1560 990 1620 oeulos
1010 1580 1124 1640 semper
1143 1563 1251 1622 versari

107 1633 196 1696 nobie
217 1632 303 1694 debet
315 1633 374 1696 Dei
393 1636 539 1710 maiestas,
559 1653 635 1716 quoe
650 1635 681 1696 in
726 1637 828 1710 eolesio
846 1639 960 1716 residet,
978 1657 1016 1700 ne
1034 1641 1101 1701 utus
1120 1643 1251 1722 inquina-

111 1715 221 1774 mentis
244 1713 400 1794 polluntur.
444 1713 574 1775 Manebit
597 1722 694 1778 nutem
712 1724 783 1778 tuno
802 1719 917 1780 demum
935 1722 1045 1802 integro
1064 1723 1126 1782 eius
1146 1723 1249 1784 suncti·

109 1801 168 1870 tns,
189 1795 215 1854 ei
235 1793 307 1854 nibil
325 1795 356 1854 in
374 1813 408 1854 ee
427 1793 585 1868 adndoeum
603 1795 688 1856 fuerit
706 1815 725 1856 a
743 1795 799 1858 Dei
819 1797 908 1859 verbo
927 1799 1060 1860 ulienmn.

192 1874 243 1937 17.
263 1876 510 1936 Recordniteont
519 1877 666 1958 discipuli.
691 1874 807 1938 Frustra
825 1877 873 1938 bio
893 1899 923 1938 se
942 1880 1072 1940 nonnulii
1090 1879 1250 1960 impediunt

113 1960 296 2034 qnnerentee,
315 1954 461 2035 quomodo
473 1953 645 2034 Scriptorue
659 1957 800 2018 recordati
818 1958 925 2020 fuerint
943 1959 1084 2040 discipuli,
1105 1961 1185 2018 euius
1200 1959 1248 2020 ud-

115 2034 180 2092 buo
197 2040 280 2092 erent
298 2043 426 2129 expertes
445 2053 480 2096 ue
497 2035 599 2115 ignari
648 2034 750 2116 Neque
778 2039 854 2098 enirn
877 2039 1092 2121 intelligendum
1115 2045 1160 2100 est
1179 2045 1249 2100 tuno

117 2112 178 2172 illie
199 2111 318 2172 sublime
336 2134 368 2175 m
384 2115 548 2174 memoriam
567 2113 823 2198 hunoScripturae
841 2117 947 2192 locum,
968 2120 1018 2180 sed
1038 2125 1138 2199 postea
1187 2137 1248 2178 mm

116 2193 258 2252 divinitus
278 2191 372 2253 edocti
390 2209 406 2251 u
426 2193 463 2252 ud
481 2213 513 2254 se
533 2200 709 2275 reputarent,
730 2195 867 2274 quidnam
886 2195 939 2254 eibi
958 2197 1045 2256 vellet
1064 2197 1120 2256 boe
1141 2197 1249 2256 Cnisti

109 2273 234 2348 focinus,
254 2213 513 2354 dimetoredpiritn
533 2271 756 2412 hioSuiptume
774 2275 856 2336 iocus
874 2274 931 2334 illis
952 2277 1084 2336 obcurrit.
1115 2273 1153 2332 Et
1172 2281 1249 2334 certe

108 2372 233 2434 opermn
251 2350 310 2415 Dei
328 2373 388 2413 non
407 2371 521 2434 semper
538 2361 636 2416 extem
669 2374 688 2415 o
707 2373 794 2416 oense
813 2353 896 2424 nobb
916 2373 952 2436 ap
974 2361 1050 2430 uret,
1079 2353 1129 2414 ned
1188 2360 1249 2414 sbeu

107 2433 252 2514 temporis
271 2451 404 2493 sneoeoeu
422 2433 575 2494 nonnilinm
593 2454 614 2493 n
652 2436 676 2496 in
696 2455 783 2496 snum
802 2436 902 2518 operit.
929 2465 936 2486 .
970 2433 1104 2515 tqnehtm
1113 2453 1148 2494 eo
1172 2433 1246 2494 'ben-

111 2512 168 2572 dne
186 2519 303 2573 nostroe
320 2512 454 2573 nodedun
474 2513 655 2608 aptissimum
678 2521 723 2576 eet
742 2515 869 2590 frenum,
898 2535 935 2574 ne
953 2513 1020 2574 Deo
1039 2513 1246 2596 obstrepamus,

112 2593 139 2652 ei
159 2591 275 2670 qnando
293 2599 393 2652 nostro
412 2591 521 2654 iudiuo
540 2593 634 2654 minue
653 2593 811 2674 probantur
831 2613 905 2674 quae
924 2595 1000 2656 fucit
1040 2594 1132 2654 Simul
1148 2614 1246 2657 moue·

108 2691 178 2732 mur
196 2691 287 2752 quum
305 2669 388 2732 Dene
407 2691 462 2732 noe
482 2673 566 2752 quusi
585 2693 736 2756 suspensos
757 2681 844 2748 tenet,
863 2677 1005 2756 patienter
1022 2675 1246 2756 exspectandum

108 2771 173 2813 esse
192 2751 330 2848 plenioris
348 2753 469 2814 notitiae
487 2759 616 2832 tempus,
640 2761 671 2814 et
689 2753 899 2815 festinationem
916 2757 1048 2828 nirdam,
1069 2774 1143 2836 quae
1161 2755 1245 2816 nobis

105 2835 233 2914 ingenita
253 2838 311 2906 est,
341 2831 532 2893 cohibendum
554 2851 626 2894 eme.
676 2831 751 2894 Num
769 2835 834 2894 ideo
873 2835 966 2896 lenum
986 2849 1107 2916 operum
1126 2855 1246 2896 tuorum

106 2911 371 3012 manifestationem
389 2909 472 2972 Dens
491 2912 596 2988 differt,
615 2919 722 2975 utnon
741 2917 772 2975 in
791 2857 928 2976 modoetia
948 2918 1100 3012 eontineut.
1135 2913 1244 2976 Senem

105 3012 181 3146 tit-⁰,
197 2999 262 3152 {it
280 2991 444 3153 ffidif
453 2993 1130 3156 fflmfflttttttnittttbt¹t
1141 2995 1245 3134 ‘itte

106 3151 236 3212 tottam
272 3149 347 3211 Tem
366 3151 387 3211 ti
405 3154 521 3214 nomine
540 3154 644 3232 procul
662 3153 863 3216 dubioiotum
874 3155 932 3214 Dei
951 3155 1061 3214 cultum
1076 3152 1172 3212 Dauid
1192 3172 1245 3234 per

111 3229 319 3308 eyneedoeten
384 3233 391 3248 ⁶
447 3239 470 3292 t
508 3231 559 3291 Sin
578 3235 655 3292 enim
673 3233 759 3294 babet
776 3238 886 3315 integer
903 3255 1013 3308 versus,
1034 3233 1121 3293 Zelue
1141 3233 1244 3294 domm

111 3317 187 3369 tune
206 3309 404 3386 comeditur,
431 3320 462 3373 et
481 3312 634 3392 opprobrie
653 3315 886 3394 exprobrantium
903 3315 956 3375 tibi
976 3315 1140 3374 oeciderunt
1158 3333 1244 3394 nuper

7 3383 9 3414 ³
107 3409 170 3452 rue.
216 3387 273 3448 Ubi
291 3390 441 3452 secuudum
459 3391 621 3452 membrum
639 3395 730 3474 priori
749 3395 909 3472 respondet,
933 3397 993 3454 imo
1012 3394 1084 3454 nibil
1103 3393 1181 3452 uliud
1200 3399 1244 3452 est

105 3489 201 3550 quam
220 3471 367 3550 exegero
383 3473 523 3552 repetitio.
562 3471 684 3533 Summa
702 3475 852 3551 utriusque
871 3475 991 3532 membri
1014 3480 1072 3543 est,
1100 3471 1243 3529 Davidem

106 3557 172 3609 tam
192 3550 278 3610 auxie
299 3549 335 3609 de
353 3551 502 3611 emerenda
520 3550 578 3614 Dei
596 3551 688 3633 glorie
706 3551 793 3611 inisse
813 3550 987 3624 solticitums
1005 3557 1039 3609 ut
1058 3549 1179 3608 libenter
1197 3567 1243 3607 ou·

105 3635 164 3710 put
183 3647 270 3690 smuu
289 3628 401 3709 probriu
421 3630 561 3707 onmibm,
582 3651 658 3712 qum
675 3632 707 3693 iu
720 3628 819 3692 bem
836 3629 976 3690 iuoiobuut
994 3627 1118 3708 reprobi
1138 3647 1261 3768 suppo·-

106 3709 212 3768 onerit:
231 3715 313 3769 tanto
332 3709 399 3770 ndo
416 3718 569 3786 uestnusee,
588 3719 622 3771 ut
641 3711 689 3772 bie
707 3731 782 3772 uuus
802 3712 921 3771 effectus
940 3709 1013 3769 ulios
1034 3727 1133 3768 omnes
1146 3707 1199 3790 dog
1212 3729 1247 3769 u«

107 3789 188 3848 tinet
225 3786 324 3868 Atque
342 3787 400 3850 boe
418 3790 536 3870 quidem
554 3811 640 3852 nemu
651 3793 708 3853 ille
726 3791 886 3874 praeditum
901 3791 1030 3852 sciuisse
1044 3791 1256 3864 mentuend-

107 3885 170 3926 nnu
188 3865 307 3928 dubium
326 3876 385 3945 ent,
405 3871 478 3952 quin
496 3871 645 3932 delinenrit
662 3874 694 3933 in
713 3892 765 3934 sue
784 3889 920 3954 persono,
947 3889 1020 3952 quoe
1039 3867 1165 3930 Moesiae·
1177 3891 1242 3952 pro-

106 3947 175 4028 prie
192 3945 397 4026 mugi-nebant.
437 3950 506 4010 Ideo
525 3951 595 4012 didt
611 3949 802 4032 Evungeffltn,
821 3952 1001 4012 huno-inimo
1014 3952 1242 4025 unomexnotis,

233 4029 348 4112 ugrritrte
366 4029 422 4090 init
440 4030 520 4092 lmus
538 4051 557 4092 u
576 4031 731 4114 discipulis,
749 4035 828 4114 regni
841 4032 898 4092 Dei
916 4033 1023 4095 vindex
1032 4051 1073 4094 uo
1085 4039 1241 4130 reparator.
1256 4075 1258 4083 ,

138 4104 241 4168 tuem
260 4115 369 4184 autem,
388 4107 555 4194 Scripturue
574 4112 692 4173 ductum
710 4122 848 4194 eeqnntoo
866 4131 939 4188 enee,
957 4123 992 4176 ut
1003 4114 1047 4176 de
1055 4113 1171 4175 Cbnsto
1181 4131 1242 4172 seu·

106 4187 196 4248 tinent
215 4186 297 4268 qnod
316 4187 445 4252 deoebat.
484 4190 523 4252 Et
542 4199 617 4255 uerte
636 4193 729 4276 quotis
748 4197 785 4256 nit
793 4193 937 4270 Christus,
956 4196 1003 4256 vel
1021 4211 1160 4276 quorsum
1231 4211 1257 4240 a*

104 4267 198 4328 tinne
215 4269 358 4364 quiequid
377 4273 514 4354 gestitet
597 4294 633 4336 us
651 4282 705 4349 eet⁷
724 4275 957 4356 neniounqnnm
975 4273 1083 4336 tenebit
1100 4274 1156 4334 nisi
1190 4291 1259 4331 nee·

102 4351 135 4404 εἰ
155 4354 295 4444 mprobe
315 4347 473 4433 Scriptura.
555 4373 621 4415 uum
645 4361 733 4436 prout
757 4357 879 4436 quinquo
901 4363 1032 4416 nosbum
1054 4353 1195 4434 proficere
1212 4353 1243 4411 in

105 4423 221 4491 cheu
239 4431 403 4511 cognitione
423 4435 532 4516 cupiet,
555 4435 653 4498 sedulo
675 4442 706 4498 ot
725 4438 860 4498 continno
879 4434 1042 4518 Scriptum
1062 4433 1244 4494 mobtotiono
