2716 4856
184 189 244 252 374
362 127 369 138 ¹
577 181 617 245 ΙΝ
637 179 743 243 ACTA
761 178 898 242 Asosr.

186 303 258 375 rior,
288 291 341 360 sed
362 299 458 381 quoad
482 299 720 380 complementum
745 297 825 376 regni
845 293 954 356 Christi
978 303 1139 359 eatrernam
1159 299 1189 360 ei
1209 321 1321 361 rnnanmn

188 377 553 520 :ttattntttt
568 385 787 519 altstat
806 375 1171 518 :intlaesam
1188 377 1321 519 litt

187 502 319 620 Papisthe
338 533 452 606 ‘babere
480 539 596 614 volunt,
624 535 855 618 qnandoquidem
879 553 971 593 unnm
993 554 1032 594 ex
1055 539 1160 618 primis
1178 500 1320 598 'Emona

189 618 351 678 doctoribus
370 637 388 679 a
405 617 509 680 femina
528 617 658 676 videmus
676 617 763 676 luisse
781 615 953 674 institutum.
984 613 1128 693 Memoria
1141 621 1319 697 tamenqnod

189 698 249 758 dixi
263 698 420 759 ¹tenendum
439 705 491 770 est,
511 693 669 757 Priscillam
689 694 764 755 domi
786 700 816 752 et
833 695 909 752 inter
927 692 1055 773 privatos
1065 698 1191 777 parietes
1199 699 1318 757 lundam

188 779 276 838 luisse
295 778 352 838 boc
370 778 545 857 magisterio,
574 783 608 836 ut
632 775 838 856 praescriptum
861 769 965 832 eDeo
985 780 1177 836 manatura
1197 777 1315 836 ordinem

123 881 126 888 ·
188 857 513 918 minime'labelactoret.

269 939 317 1000 27.
360 941 457 1010 Qum
480 937 561 996 celim
585 945 618 996 tn
636 937 792 994 Aetatem.
832 931 901 1012 Quo
926 933 1047 992 consilio
1067 933 1208 994 Achaiam
1225 942 1316 1016 petere

190 1015 278 1076 vellet
297 1015 322 1075 A
340 1015 432 1088 ellos,
457 1035 515 1074 non
540 1016 674 1096 exprimit
693 1013 798 1074 Lucas:
828 1015 940 1094 privato
964 1017 1062 1072 tamm
1087 1015 1240 1074 commodo
1263 1035 1316 1072 non

190 1095 278 1173 fuisse
301 1035 441 1162 illectum,
471 1093 521 1154 sed
546 1094 624 1175 quod
649 1092 763 1153 uberior
781 1093 813 1152 io
832 1091 1017 1173 propagando
1035 1089 1195 1174 Evangelio
1214 1094 1317 1152 fructos

190 1174 248 1252 illic
268 1192 300 1232 se
319 1173 489 1246 ostenderet,
508 1193 545 1233 ex
565 1179 699 1232 contextu
719 1172 890 1253 colligimus,
910 1189 945 1230 eo
1005 1170 1040 1230 cd
1059 1172 1317 1232 maexhortatiooe

191 1255 286 1334 ipsum
304 1253 394 1333 magis
412 1254 592 1313 incitaverint
610 1251 710 1312 tratres
730 1259 760 1311 et
780 1251 905 1311 currenti
924 1249 1076 1310 ediderint
1099 1251 1210 1310 calcar:
1266 1253 1316 1310 nod

190 1332 319 1414 prolecto
348 1351 406 1392 non
431 1338 511 1391 erant
534 1331 637 1391 facturi
660 1333 715 1391 nisi
739 1349 777 1391 ex
801 1331 947 1390 communi
963 1327 1097 1388 Ecclesiae
1117 1329 1207 1389 bono.
1276 1339 1320 1388 rat

191 1413 266 1472 enim
285 1411 450 1484 absurdum,
477 1411 531 1470 nisi
549 1411 651 1470 melior
670 1409 765 1471 oblata
784 1415 858 1470 esset
877 1409 1075 1488 compensatio,
1100 1408 1235 1490 precibus
1255 1412 1319 1468 suis

191 1491 246 1548 alio
267 1489 396 1569 ablegare
416 1490 575 1563 hominem,
599 1489 681 1549 cuins
701 1489 777 1549 fideli
797 1509 884 1570 opera
903 1491 960 1548 inm
978 1489 1021 1546 nsi
1037 1487 1143 1547 inerant
1160 1495 1192 1546 et
1209 1489 1241 1546 io
1261 1509 1318 1568 po-

189 1575 297 1628 sterum
326 1569 451 1628 sciebant
476 1589 549 1651 opus
574 1567 627 1628 sibi
651 1569 722 1629 lore.
749 1568 917 1649 ‘Scripsisse
940 1574 1036 1628 summ
1051 1565 1188 1645 Eplteaios
1212 1567 1319 1626 iratres

189 1647 321 1709 Achaicis
346 1648 485 1728 intelligo,
514 1669 575 1708 non
597 1655 708 1708 tantum
733 1654 766 1708 ut
790 1648 935 1708 bominem
954 1646 1129 1726 hospitaliter
1147 1647 1318 1726 exciperent,

189 1727 242 1790 aad
266 1733 299 1786 ut
324 1728 360 1787 ad
384 1747 488 1788 munus
513 1727 633 1788 docendi
652 1727 848 1788 admitterent„
879 1725 959 1786 Haec
977 1745 1045 1785 vere
1065 1731 1164 1785 sancta
1182 1732 1229 1784 αἱ
1247 1745 1317 1785 oom-

189 1805 351 1880 in'end'atio,
379 1807 448 1888 dum
478 1808 618 1888 optimum
647 1815 791 1888 quemque
814 1807 977 1866 testimonio
1004 1806 1092 1864 suffra
1113 1807 1201 1884 ioque
1223 1813 1316 1864 nosho

191 1885 312 1948 avehere
325 1885 491 1961 'studemus,
515 1905 553 1947 ne
572 1885 694 1968 Spiritus
713 1888 803 1947 sancti
823 1886 913 1962 dona,
937 1903 1012 1966 quae
1029 1827 1113 1968 apul
1129 1883 1257 1966 singulos
1275 1885 1316 1946 dc

191 1967 289 2048 poenit
307 1967 336 2026 in
355 1965 496 2028 Ecclesiae
515 1966 717 2042 aedificatione,
737 1965 849 2048 sepulta
866 1967 985 2027 iacemt„

224 2050 225 2054 ’
274 2051 371 2124 ριιιιιιι
394 2055 523 2108 centmet
562 2045 627 2109 Hoc
646 2045 779 2108 fratribus
799 2048 850 2127 qui
873 2049 931 2108 iem
950 2046 1076 2106 fecerant
1094 2047 1315 2128 experimentum
1350 2067 1351 2120 ι

72 2132 75 2141 ’
190 2127 354 2206 praevisum
373 2125 475 2197 luerat,
495 2127 564 2187 (lum
584 2127 688 2186 hortati
708 2134 784 2200 sunt,
803 2133 838 2186 ut
856 2145 886 2186 se
905 2125 942 2185 ed
960 2127 1016 2186 iter
1034 2125 1134 2184 animo
1154 2132 1315 2219 conceptum
1350 2177 1351 2188 ,

9 2214 12 2223 ’
190 2206 358 2286 acmngcret.
399 2203 487 2283 Quod
505 2212 601 2266 antem
620 2205 773 2266 contulisse
793 2205 862 2264 dicit
880 2203 1018 2274 fidelibus,
1038 2203 1154 2263 dnobus
1174 2204 1265 2263 modu
1277 2225 1315 2262 ac·
1350 2233 1351 2238 1

191 2285 230 2344 ci'
255 2302 286 2343 re
305 2283 380 2358 licet,
400 2285 446 2344 vel
466 2285 542 2366 quod
562 2287 707 2365 suppetias
727 2285 825 2345 tulerit
843 2286 937 2344 nonus
956 2282 1030 2343 bene
1048 2285 1210 2357 instructis,
1228 2293 1258 2343 et
1274 2303 1315 2341 eos

191 2363 331 2424 a'uverit
349 2365 380 2424 in
398 2364 551 2443 frangenda
570 2365 695 2424 hostium
715 2364 885 2444 pervicacia:
905 2383 924 2422 n
983 2363 1098 2423 eenim
1119 2363 1245 2422 cninerie
1256 2371 1315 2422 erat.
1350 2357 1351 2420 l

190 2440 296 2503 habere
315 2446 500 2524 inpromptu
519 2461 598 2504 arma
617 2445 653 2503 ad
673 2443 850 2503 subeundum
870 2441 929 2502 diffi
948 2445 985 2502 'e
1004 2448 1107 2502 contm
1116 2442 1314 2501 veternosis

107 2589 110 2598 Ι
190 2527 249 2582 stes
268 2529 419 2596 certamem
440 2525 489 2602 qni
508 2523 563 2581 nisi
582 2524 681 2598 coacti,
692 2541 839 2602 nunqnam
857 2523 1021 2582 cessissentz
1042 2521 1091 2580 vel
1106 2521 1188 2601 qnod
1203 2521 1257 2580 illis
1266 2522 1314 2579 lue

189 2602 229 2660 rit
247 2600 380 2674 subsidio,
400 2620 436 2660 ne
455 2621 556 2660 eornm
575 2600 645 2660 fides
665 2601 889 2662 contradictione
908 2600 1035 2662 boatium
1054 2601 1190 2681 perculsu
1202 2599 1314 2659 tatere

190 2685 244 2756 ret,
264 2679 341 2758 quod
361 2679 527 2756 plerumque
539 2673 674 2738 'accidere
694 2681 814 2740 infirmis
834 2681 915 2741 solet.
941 2677 1313 2762 Egonlroquernodoadin-

189 2765 236 2819 tos
254 2756 341 2834 luisse
360 2759 540 2836 interpretor,
558 2764 592 2816 ut
610 2757 713 2818 ducem
733 2759 867 2820 habentes
886 2762 1012 2841 peritum
1032 2761 1255 2819 etexereitrtnm
1272 2779 1313 2816 sn·
1350 2777 1351 2836 t

189 2835 315 2973 per-iores
334 2839 428 2896 essent
446 2837 476 2895 in
497 2837 640 2911 conflictu,
651 2833 762 2903 ‘deinde
780 2847 813 2900 ut
832 2859 907 2908 nora
921 2840 1028 2899 inltnra
1043 2839 1313 2899 stabilhetnreornm

211 2913 275 2988 tes,
294 2919 420 2999 ut‘essct
440 2923 521 2977 entra
540 2917 694 2978 vacillandi
713 2919 879 3000 pericnlum.
918 2918 1041 2980 Videtur
1082 2925 1195 2998 reuersa
1211 2923 1316 2974 notare

188 2990 297 3068 hocas,
317 2995 481 3070 strenuitite
501 2997 564 3056 eius'
581 3004 611 3058 ot
629 3000 787 3058 constantia
807 2999 909 3059 iratres
927 2998 1015 3058 inisse
1035 3017 1053 3057 a
1075 3001 1160 3070 utos,
1176 2995 1244 3054 dmn
1261 3016 1315 3075 pn·

188 3071 261 3144 bhcc
281 3081 348 3134 cnm
357 3071 466 3135 ludaeis
486 3076 643 3158 disputasse
662 3086 880 3138 commemorat:
900 3079 1056 3150 eratenim
1076 3077 1133 3138 boe
1151 3075 1315 3154 ndietlidn

190 3153 251 3213 clae
270 3153 391 3234 signum,
411 3153 510 3215 lncern¹
524 3177 583 3216 non
599 3157 709 3237 lugere.
735 3155 823 3235 Quod
842 3157 1006 3218 babeturin
1021 3159 1178 3218 sentmtiae
1187 3155 1315 3216 damula

191 3231 249 3292 Per
268 3237 400 3314 gratiam,
425 3236 471 3295 tet
492 3252 558 3295 cum
577 3238 709 3317 proximo
729 3236 817 3296 verbo
837 3237 1025 3300 (tradiderunt
1044 3235 1196 3309 cohaeret,
1214 3235 1260 3296 vel
1277 3255 1312 3292 re

189 3313 257 3372 terri
277 3311 360 3372 debet
384 3314 421 3373 ad
447 3313 602 3375 subsidium
621 3316 701 3395 quod
720 3315 853 3377 fratribus
877 3317 980 3378 attulit.
1019 3315 1105 3376 Prior
1128 3317 1311 3396 interpretatio

189 3389 263 3452 nibil
290 3389 376 3452 habet
401 3392 589 3454 dillicnllotim'
616 3413 716 3454 sensns
736 3397 812 3455 enim
831 3395 899 3471 erit,
928 3395 1025 3456 fideles
1044 3395 1221 3456 illuminatos
1239 3395 1311 3453 mise

188 3467 247 3528 Dei
287 3473 365 3545 ratio,
384 3469 416 3531 ul
437 3474 592 3547 crederent,
611 3475 669 3533 acsi
690 3473 815 3549 dixisset,
834 3475 943 3548 babes,
963 3476 1012 3556 qni
1031 3471 1091 3536 Dei
1109 3473 1249 3538 berrefids
1264 3475 1311 3531 itm

189 3548 227 3628 ad
246 3491 333 3610 alem
350 3553 446 3630 vocati
464 3559 540 3628 sunt,
559 3553 589 3612 in
608 3553 709 3614 melius
728 3554 832 3616 luerim
850 3557 988 3635 provecti.
1026 3553 1153 3619 Videtur
1171 3561 1263 3614 lenm
1280 3551 1310 3608 *Ι-

189 3634 236 3710 ter
256 3635 406 3689 contextus
426 3632 516 3710 magis
536 3631 688 3712 quadrare,
708 3633 786 3720 quod
806 3634 927 3716 Apollos
946 3636 1082 3714 gratiam
1102 3653 1163 3716 qur
1181 3632 1311 3715 praeditis

95 3766 97 3775 ,
191 3714 267 3783 erat,
297 3727 363 3768 cum
386 3708 522 3769 fratribus
546 3713 782 3772 communicando
806 3734 857 3774 eos
877 3713 1024 3773 adiuverit.
1064 3711 1108 3773 lta
1127 3713 1187 3772 Per
1207 3713 1311 3794 gramis

192 3779 361 3871 tantundem
380 3788 486 3848 valebit
504 3789 591 3870 atquc
611 3793 768 3852 secundum
787 3811 948 3870 mensuram
967 3793 1073 3872 malias
1092 3801 1239 3872 accepire.

216 3869 218 3876 '
273 3867 323 3950 28.
355 3866 492 3929 'Iudaeos
510 3871 680 3931 revincebat.
719 3871 792 3931 Hinc
816 3879 936 3954 apparet
959 3891 1099 3952 quorsum
1124 3879 1268 3952 spectaret
1284 3869 1313 3928 h·

191 3947 286 4009 cnltas
311 3943 375 4022 illa,
404 3949 481 4028 'quod
507 3955 609 4033 potens
634 3957 708 4011 esset
727 3951 847 4032 Apollos
871 3949 902 4010 in
927 3949 1096 4032 Scriptus-is:
1127 3971 1234 4033 nempe
1259 3953 1313 4028 qnia

78 4028 84 4044 ‘
191 4026 286 4118 salida
305 4026 345 4085 illi
370 4033 400 4110 et
415 4027 522 4110 efficax
542 4029 670 4110 probatio
690 4029 856 4169 sspppetebat
875 4027 1062 4170 puerperiis
1080 4029 1224 4114 hostibus.
1259 4029 1315 4088 ms

192 4105 382 4176 ¹vrter'etiam
411 4109 565 4186 exponitur
594 4115 683 4168 status
756 4111 924 4190 putationis,
966 4129 1046 4170 esum
1076 4129 1140 4182 esse
1170 4111 1315 4172 Christum-

192 4173 395 4252 Controversia
414 4187 491 4244 enim
510 4187 587 4266 apud
607 4186 724 4266 ludaeos
749 4189 806 4250 hoo
829 4191 956 4266 carebat,
981 4189 1143 4252 Pomosnn
1161 4209 1227 4252 esee
1247 4189 1316 4248 etri

192 4257 270 4344 tius}
289 4254 482 4350 liberatorem,
504 4265 555 4324 secl
579 4265 634 4325 illis
654 4286 713 4327 non
733 4267 816 4330 facile
835 4275 896 4331 erat
914 4269 1097 4352 persuadere,
1122 4267 1220 4332 lesum
1237 4269 1318 4330 illium

193 4325 302 4404 Menae
321 4333 403 4397 bunc
419 4357 481 4402 este
502 4339 662 4420 Christum,
692 4365 745 4426 pet·
773 4367 860 4429 quem
889 4347 984 4413 oblatu
1007 4355 1081 4412 esset
1103 4349 1194 4412 calm.
1233 4347 1318 4429 θρα-
