2786 4866
537 195 747 301 csrurvn.
1143 243 1202 306 139

75 355 133 416 hae
151 353 207 415 Dei
227 351 347 427 bouitas,
371 359 400 414 et
420 373 506 433 qnam
524 355 598 414 male
616 353 742 415 vicissim
759 372 794 414 ae
811 372 944 434 perverse
962 353 1095 436 populns,
1113 375 1202 436 quan-
1227 345 1231 351 ¹

75 437 191 495 lumin
211 453 242 492 se
259 441 336 507 erat,
366 435 514 528 repulisset
531 433 588 494 Dei
606 435 733 515 gratiam.
782 432 863 494 Unde
886 441 1012 506 constat,
1041 455 1099 496 uon
1140 456 1203 498 esse

76 517 140 575 cius
168 513 275 574 meritis
304 511 421 584 ascribi,
490 513 527 572 od
553 520 700 579 censcamr
719 511 775 573 Dei
793 513 931 594 populus,
960 515 1010 573 sed
1034 517 1103 596 quia

76 595 224 676 iudignum
253 593 331 652 ultro
361 591 412 651 sibi
469 594 557 672 egerit
586 599 615 653 et
643 593 753 674 ingrato
781 587 945 654 benefacere
973 613 1033 658 non
1056 595 1201 654 destiterit.

75 674 141 734 Hoc
159 673 247 734 modo
267 672 305 732 ad
324 670 511 732 bumilitatem
530 671 622 753 subigi
641 691 675 733 ac
694 673 804 732 domari
821 680 953 753 poterant
971 674 1021 734 alti
1039 681 1070 734 et
1088 675 1202 756 superbi

73 775 178 894 epmnp
194 753 321 891 ιρὲιῆῐὲι,
340 759 374 810 nt
393 751 500 890 stultpc·
514 751 710 892 ppriacdtlaltp
728 753 874 893 engffli
893 752 1134 894 nddlilediatplrem
1154 774 1200 814 vc·

74 855 155 894 nrrcn
243 851 317 892 eo
427 851 738 901 numerous,
862 853 1033 894 rmsnoo
1084 853 1201 894 orac

75 914 168 974 sidem
186 912 274 972 luisse
293 849 438 991 angdbbir
457 917 487 970 ct
505 909 605 971 Mosen
623 913 664 972 ita
683 852 838 972 migdisterio
858 932 911 972 sno
930 853 1060 974 tunciuid
1079 855 1150 987 essb,
1169 921 1203 974 ut

62 994 150 1053 alios
170 993 199 1052 in
220 997 362 1072 postorum
381 988 541 1071 Prophetas
560 991 622 1051 iore
646 992 763 1052 diceret:
832 1012 915 1053 orum
939 999 1034 1054 tamen
1058 1013 1202 1054 sunnnnur

77 1091 142 1133 csse
166 1071 288 1152 aliquem
306 1071 463 1151 principem
487 1090 602 1130 necesse
624 1077 699 1146 erat,
728 1073 778 1151 qui
812 1092 888 1132 ruem
927 1072 1065 1153 rophetiia
1082 1079 1113 1134 ct
1131 1075 1201 1132 vsti-

78 1149 309 1211 ciniis-omnibus
327 1152 486 1246 imponeret
504 1168 539 1209 ac
558 1149 679 1210 solidum
699 1151 812 1210 afferret
831 1091 1080 1232 cmupiementnm.
1119 1151 1202 1212 Unde

78 1231 229 1311 colligitur,
248 1230 317 1288 nibil
335 1249 430 1290 miuus
448 1229 633 1310 ιιιιιιιιιΜοιίιΙ
650 1247 712 1290 essa
732 1231 894 1311 discipulos,
914 1233 963 1310 qni
983 1234 1153 1311 promissum
1172 1233 1202 1292 in

77 1309 155 1390 Lege
173 1329 207 1370 ac
224 1310 370 1368 laudatum
390 1309 534 1370 doctrinae
553 1329 641 1390 genus
660 1329 717 1369 nna
737 1329 803 1370 omn
827 1311 890 1390 ipso
909 1317 1025 1370 rumore
1044 1312 1200 1391 repudiant

77 1388 211 1449 Ostendit
233 1395 379 1469 postremo
403 1395 497 1449 totum
516 1396 639 1450 veterem
658 1391 782 1463 cultum,
804 1391 858 1469 ¹qui
877 1407 895 1448 a
914 1388 994 1450 Mose
1013 1392 1202 1472 praescriptus

72 1475 271 1627 {sibili}
288 1469 704 1630 tt'tttttttttttt
721 1469 988 1612 diffiditis?
1007 1469 1201 1610 illidit?

72 1637 135 1688 tem
155 1647 259 1708 pravos
279 1647 391 1708 semper
408 1627 494 1687 fnisse
513 1627 553 1689 Le
573 1631 596 1688 's
615 1629 796 1708 interpretes,
826 1629 893 1707 quia
916 1629 987 1690 nibil
1011 1631 1065 1688 nisi
1089 1630 1202 1690 carnale

72 1728 112 1769 ac
139 1715 283 1771 terrenum
311 1709 500 1788 conciperent.
528 1738 538 1754 =
579 1709 624 1766 ‘c
647 1707 797 1767 coniicitur
820 1709 929 1768 nullum
952 1709 1062 1788 templo
1079 1707 1202 1806 ac‘lepi

71 1788 139 1847 lieri
161 1787 308 1858 iniuriam,
337 1807 427 1868 quum
446 1785 577 1848 Christus
595 1793 731 1866 tanquam
751 1786 899 1868 utriusque
918 1786 982 1854 finis
1001 1795 1031 1848 et
1049 1789 1153 1847 veritus
1171 1809 1202 1850 ιιι

69 1868 201 1928 medium
220 1869 361 1926 statuitur.
411 1865 577 1940 Caeterum,
606 1867 673 1946 quia
697 1873 789 1928 status
808 1885 910 1927 causae
928 1868 958 1926 in
978 1865 1033 1926 boc
1051 1868 1203 1947 praecipue

69 1947 190 2007 cardine
210 1947 390 2020 redebetur,
419 1947 528 2006 cultum
547 1945 606 2006 Dei
629 1948 659 2006 in
684 1945 828 2007 sacrifieiis
850 1953 881 2006 et
904 1946 966 2006 aliis
985 1945 1069 2005 rebus
1088 1948 1204 2026 proprio

68 2047 134 2086 non
157 2027 324 2098 consistere,
354 2031 383 2086 et
410 2027 482 2087 ritus
511 2043 611 2086 omnes
635 2025 705 2086 nihil
729 2045 816 2104 qnam
840 2024 1022 2086 adumbrasse
1046 2023 1202 2101 Christum,

68 2104 212 2186 Stephani
238 2106 387 2165 consilium
406 2107 486 2180 erat,
515 2106 644 2165 insistere
667 2103 847 2186 potissimum
872 2105 903 2164 iu
926 2104 1002 2164 hanc
1024 2111 1149 2184 partem,
1177 2107 1203 2166 si

69 2187 151 2268 pessi
176 2184 294 2246 luissent
311 2185 419 2245 lodoci:
449 2183 499 2245 sed
524 2186 591 2264 qnia
615 2183 665 2245 ubi
688 2185 724 2244 ad
743 2186 861 2266 epitasin
880 2189 999 2244 ventum
1023 2191 1079 2258 cst,
1108 2183 1204 2246 lurore

70 2266 184 2326 sccensi
204 2265 287 2345 plura
307 2265 404 2326 andire
424 2285 481 2325 non
502 2265 657 2336 sustinent,
685 2266 764 2326 deest
786 2283 886 2324 eorum
905 2263 1033 2324 omnium
1052 2263 1204 2344 applicatio

70 2364 151 2426 qnae
170 2344 279 2404 dixerat
298 2345 334 2404 ad
353 2351 531 2424 praesentem
549 2363 674 2405 cansam.
713 2343 751 2404 Et
770 2363 830 2425 pro·
842 2343 956 2424 epilogo
970 2340 1203 2406 acerbomobiur·

71 2423 394 2505 gationcm'subtexere
414 2425 533 2505 cogitur.
573 2427 693 2498 Durae,
717 2425 824 2504 iuquit,
847 2432 975 2484 ommno.
1014 2421 1152 2483 Videmus
1170 2431 1204 2483 nt

71 2507 176 2564 sancto
207 2503 268 2562 nelo
296 2523 327 2563 rc
364 2511 413 2564 ute
441 2506 472 2563 iu
500 2523 550 2566 eos
574 2503 775 2578 excandescat,
804 2503 947 2599 sednqnis
965 2500 1078 2584 ridebat
1097 2501 1204 2584 absque

76 2580 322 2742 primate&
340 2582 1204 2745 abtduuidaediupildudbsdddrbsbndffiembidbbbordudddndi
1289 2745 1292 2753 ⁴

71 2742 239 2820 frequenter
256 2749 375 2824 usurpat
394 2741 503 2816 Moses,
533 2763 623 2824 quum
647 2743 740 2804 dicere
763 2742 827 2802 vult
845 2741 985 2838 populum
1010 2761 1095 2800 snum
1184 2744 1250 2824 ⁹...

71 2839 175 2882 ccccm
193 2839 227 2880 ac
246 2821 456 2902 immorigeusm
476 2819 542 2883 Deo
561 2843 623 2884 esse
643 2823 772 2904 adeoque
789 2821 959 2882 indomitum
983 2818 1088 2898 (Exod.
1128 2826 1157 2896 2,
1175 2825 1205 2886 9.
1296 2823 1299 2836 '

71 2903 126 2974 33,
145 2903 174 2962 3.
194 2900 246 2978 5.).
285 2899 475 2982 Exprobrntio
500 2911 592 2982 quac‘
671 2903 728 2962 'tur
750 2901 816 2984 plus
836 2899 971 2962 babuita
992 2901 1030 2960 nd
1050 2917 1100 2960 eos
1119 2901 1203 2962 rebe·

69 2979 205 3041 montiae.
246 2979 431 3041 circumcisio
450 2983 526 3042 enim
546 2921 745 3058 fflboebmmtia
763 2981 861 3041 omnia
879 2921 999 3060 tegendb
1017 2980 1114 3039 velum
1133 2989 1203 3042 erat

67 3059 151 3139 Ergo
181 3075 272 3138 quum
301 3069 521 3122 tnetrcmctaos
543 3063 631 3123 corde
654 3067 753 3133 vocnt,
780 3079 841 3120 nou
864 3059 951 3119 modo
976 3057 1115 3140 significat
1137 3060 1204 3121 Deo

69 3136 193 3276 '‘hgiu
221 3157 284 3200 esse
308 3159 342 3198 ac
362 3139 554 3278 ppaefrsctos,
584 3140 686 3202 sedin
711 3157 747 3200 eo
765 3139 898 3218 symbolo
918 3157 977 3218 quo
996 3137 1204 3217 superbiebant,

67 3235 199 3377 {bertarii
213 3218 361 3394 apodedidibl
375 3305 521 3378 retorquet
545 3301 574 3358 iu
594 3318 693 3358 eornm
714 3296 843 3356 dedecus.
892 3293 1014 3358 Perinde
1043 3296 1119 3354 enim
1148 3295 1205 3355 hoc

68 3376 163 3451 volet,
182 3395 238 3438 acu
258 3378 388 3452 dirimet,
407 3377 509 3438 foedus
527 3376 646 3438 Domini
665 3397 716 3437 ecs
735 3376 922 3450 adulterasse,
952 3381 984 3434 ut
1007 3375 1205 3435 inita-eorum

69 3457 251 3518 circumcisio
280 3477 315 3518 ac
344 3457 464 3539 prolana
492 3464 574 3518 esset
627 3455 706 3517 Haec
734 3462 830 3516 autem
859 3455 991 3536 loquutio
1020 3460 1134 3535 sumpta
1162 3462 1205 3514 est

69 3557 110 3596 cx
130 3533 207 3614 Lege
228 3543 257 3598 ct
277 3535 442 3618 Propbctiss
472 3535 713 3617 quemadmodum
736 3536 811 3596 enim
831 3533 912 3595 Deus
939 3532 1103 3612 symbolum
1128 3535 1205 3594 insti·

68 3617 143 3686 tuit,
172 3617 212 3675 ita
232 3615 350 3677 ludaeos
374 3617 447 3677 scire
466 3616 557 3676 voluit
597 3635 713 3676 norsum
730 3615 1017 3686 circumciderentur,
1046 3633 1149 3695 nempe
1173 3621 1207 3674 nt

69 3693 162 3754 corda
187 3713 239 3754 rna
258 3703 289 3756 et
308 3715 407 3757 omues
426 3697 544 3757 vitiosos
603 3703 682 3756 cotos
702 3694 829 3755 Domino
848 3692 1093 3768 circumciderent,
1123 3695 1205 3753 sicuti

71 3775 203 3853 legimus,
222 3773 260 3834 Et
279 3795 367 3851 nune,
378 3775 570 3837 circumcidite
589 3775 679 3843 corsis=
695 3781 790 3836 restra
809 3773 896 3834 Deo·
922 3772 1019 3851 Quare
1039 3769 1133 3833 litera
1153 3775 1203 3834 cir·

70 3854 271 3928 concisionis,
300 3856 384 3916 sicuti
402 3854 510 3917 Paulus
529 3857 673 3931 nominat,
702 3856 792 3915 inanis
817 3861 862 3915 est
879 3872 914 3914 ac
932 3852 1012 3914 nihili
1030 3853 1110 3912 larva
1129 3852 1206 3933 apud

70 3931 172 3992 Deum
191 3931 289 4009 (Rom.
304 3940 334 4008 2,
349 3936 424 4014 ·‘.²8.).
463 3933 506 3996 lta
526 3952 617 4016 quum
636 3935 720 3996 bodie
740 3935 872 4016 baptismi
891 3933 982 3994 nostri
1004 3934 1106 3992 veritas
1126 3933 1205 4014 spiri.

70 4013 160 4072 tualis
179 4013 218 4073 sit
236 4013 355 4088 ablutio,
374 4013 533 4076 timendum
552 4023 597 4076 est
614 4033 652 4074 ne
671 4017 733 4075 iure
752 4015 834 4074 nobis
850 4014 938 4073 obiici
957 4014 1057 4092 possit,
1080 4031 1135 4072 nos
1154 4013 1206 4072 mi-

68 4093 152 4152 nime
175 4090 315 4175 Baptismi
339 4111 402 4155 esra
424 4096 588 4177 participes,
618 4096 685 4176 quia
714 4112 827 4156 cumcm
851 4100 883 4154 et
904 4093 1027 4154 ammam
1051 4091 1206 4154 babeamus

70 4169 206 4233 sordibus
224 4173 393 4254 inquinatas.
972 4223 975 4230 ι
1062 4205 1065 4212 «

41 4291 53 4307 ·
160 4253 224 4314 Vos
236 4275 358 4334 semper
380 4261 537 4317 noema.
576 4253 659 4316 Initio
684 4251 803 4314 lratrnm
826 4270 862 4312 ac
885 4259 998 4334 patrum
1022 4255 1147 4314 nomime
1165 4253 1206 4312 di·

73 4337 181 4410 gustus
199 4331 294 4394 tuerat
312 4330 490 4414 Stephanus,
519 4335 549 4395 in
615 4353 648 4395 os
671 4339 730 4395 tam
750 4353 781 4394 as
818 4351 850 4392 re
868 4333 1019 4394 invehitur.
1060 4331 1205 4412 Qamdiu

43 4430 145 4492 ⁸ergo
183 4429 250 4494 spos
277 4419 339 4475 crat
368 4433 531 4495 posseeos
624 4413 995 4490 mausuetn'cmlleeti,
1028 4411 1262 4484 manno,

404 3207 470 3301 gos*¹
479 3221 613 3292 inveniri,
642 3225 729 3298 atquc
752 3218 793 3278 ita
813 3217 892 3297 qnod
915 3216 1055 3276 iactabant
1073 3218 1104 3274 iu
1123 3236 1204 3278 soum
