2838 4848
157 305 160 310 ,
195 243 253 308 ιιι
578 233 618 294 ru
635 229 776 295 avaro.
795 227 924 292 romu.

283 347 336 419 41.
368 325 571 422 Gloriamab
596 344 774 411 hominihus
800 365 864 409 non
887 339 1010 430 accipio.
1053 333 1108 408 42.
1141 341 1208 410 Sed
1228 339 1330 428 nori,
1401 373 1405 444 p

197 481 270 540 vos,
304 455 388 548 quod
417 451 611 524 dilectionem
631 449 692 515 Dei
721 471 786 520 non
813 445 931 514 habetis
952 444 985 511 in
1005 444 1103 514 vobis.
1147 440 1202 516 43,
1235 446 1305 541 Ego
1404 463 1405 486 ;

164 633 171 643 ,
198 551 271 632 reni
291 561 324 628 in
345 558 472 630 nomine
492 556 590 623 Patris
611 553 683 636 mai,
703 563 736 622 et
756 575 821 622 nou
842 535 995 640 suscipitis
1014 573 1084 618 ruer
1106 551 1134 620 si
1154 551 1235 620 alius
1257 579 1308 622 ve-

198 668 262 742 niat
293 665 326 742 ir
358 662 484 730 nonina
515 683 589 743 suo,
620 659 709 724 illum
741 655 921 748 suscipietis.
965 649 1017 721 44.
1049 655 1218 740 Quomodo
1246 682 1307 726 vos

198 767 481 866 potcatiscrcdero‚
503 759 557 856 qui
578 762 707 856 gloriam
727 755 838 836 mutuo
861 785 878 828 a
899 757 990 827 vobis
1012 753 1164 852 accipitis:
1192 773 1224 831 et
1243 762 1308 856 glo-

179 877 293 957 riam,
320 895 400 962 quac
421 896 440 940 a
461 868 529 938 solo
551 867 624 937 Deo
644 878 707 951 est,
733 859 799 935 uon
819 863 984 956 qrraeriu'si
1026 861 1080 934 45.
1112 863 1161 934 Ne
1182 869 1309 958 putetis,
1379 847 1405 938 J

199 977 286 1070 quod
307 999 366 1067 ago
388 985 588 1043 accusaturus
609 973 667 1040 sim
689 995 749 1040 vos
770 973 853 1061 apud
872 969 1010 1038 Patremt
1037 980 1086 1037 est
1107 970 1162 1062 qui
1183 993 1243 1039 vos
1263 996 1310 1041 ac·

200 1073 288 1152 cuset
307 1079 429 1162 Moses,
460 1079 493 1145 in
520 1101 614 1168 quem
635 1099 694 1152 vos
716 1075 853 1170 speratis.
896 1069 950 1142 46.
981 1073 1124 1144 sienim
1145 1075 1310 1149 crederetis

200 1187 283 1256 Mori
305 1184 469 1258 crederetis
491 1183 583 1250 ctiam
605 1178 697 1250 rnihir
719 1205 793 1248 nam
814 1179 867 1254 ille
882 1165 930 1272 'da
948 1174 1001 1248 mc
1022 1179 1150 1271 scripsit.
1192 1181 1246 1256 47.
1273 1177 1311 1248 si
1404 1201 1405 1204 ’

199 1313 276 1363 vero
308 1289 389 1360 illius
421 1287 540 1388 scriptis
567 1285 796 1372 non-creditis,
813 1311 815 1316 ’
830 1284 990 1378 quomodo
1018 1285 1097 1373 meis
1123 1285 1225 1354 verbis
1246 1309 1308 1354 cre·

200 1395 297 1468 teis?
879 1387 882 1398 ’

278 1533 326 1594 41.
352 1535 483 1594 uturum
502 1533 538 1594 oh
557 1533 725 1594 homicidiae.
753 1527 850 1610 Pergit
869 1530 899 1588 ln
918 1527 1000 1590 ohlur
1033 1527 1122 1590 hone:
1140 1526 1189 1588 sed
1206 1546 1243 1588 ue
1261 1547 1308 1588 su·

201 1616 315 1691 spectus
334 1613 370 1671 ait
389 1613 468 1692 quusi
488 1613 629 1692 propriam
649 1628 761 1669 causam
781 1616 854 1688 agat,
874 1627 999 1689 occupor
1020 1607 1309 1686 oproaiatnrsenihil

200 1691 305 1750 morari
324 1689 469 1749 homiuum
507 1691 615 1763 loriam,
634 1708 687 1749 neo
706 1687 878 1746 euanescere
897 1687 944 1748 vel
963 1685 1015 1745 sihi
1033 1685 1128 1744 dolere
1187 1686 1224 1744 od
1242 1705 1309 1745 oon-

201 1771 287 1828 tamnt
305 1787 335 1827 ae
360 1769 461 1828 videat
523 1775 629 1827 tcerte
648 1769 738 1827 maior
756 1772 798 1826 est
817 1783 903 1845 quam
921 1772 954 1824 ιιι
972 1765 1091 1845 perdeat
1108 1763 1143 1823 ah
1183 1766 1309 1824 ominum
1404 1769 1405 1772 ’

199 1847 316 1918 iudiciis,
336 1847 448 1926 quondo
466 1847 535 1906 nihil
555 1841 698 1906 detrahhrc
716 1845 757 1904 illi
775 1851 869 1925 potest
882 1843 1075 1903 totiuomuudi
1090 1863 1119 1900 m
1147 1844 1155 1860 '
1173 1837 1174 1841 ’
1195 1844 1255 1915 ιιι,
1274 1861 1310 1902 ao

200 1939 237 1984 nc
255 1924 343 2061 lpssum
362 1925 474 2003 quidem
493 1944 531 1985 cx
550 1927 609 1985 eius
628 1923 811 2060 amphtudine
830 1923 963 1982 minuero.
991 1919 1040 1982 Sic
1057 1925 1150 1980 autem
1206 1921 1265 1980 istit
1277 1923 1311 1980 iu
1403 1981 1405 1998 1

200 2002 258 2062 reia
280 2001 351 2062 enda
370 2005 507 2062 calumnia
525 2011 559 2064 ut
577 2021 662 2083 supra
701 2002 807 2061 omines
826 2020 857 2060 re
876 2001 1002 2060 extollat.
1049 1997 1152 2059 Postea
1174 1997 1262 2060 libere
1279 2001 1312 2060 in

200 2084 277 2162 ipsos
296 2081 445 2156 invehitur,
469 2081 580 2160 Deique
599 2087 791 2180 contemptum
810 2085 839 2139 et
858 2081 954 2138 odium
972 2080 1027 2138 illis
1046 2077 1157 2138 obiicit
1186 2077 1312 2138 Tametsi

65 2149 67 2156 ’
200 2167 295 2219 autem
313 2160 434 2219 multum
452 2159 597 2219 aChristo
616 2159 732 2219 honons
751 2157 840 2238 grado
858 2159 1001 2233 distamus,
1020 2159 1130 2216 sinistra
1147 2163 1241 2217 tamen
1259 2157 1312 2217 ho·

159 2271 163 2288 ι
199 2240 307 2298 ιιιίιιιιιιι
334 2239 435 2298 iudicia
463 2257 561 2298 secure
584 2257 637 2298 nos
656 2244 833 2300 contemnere
851 2243 970 2316 oportet
1019 2233 1103 2294 Certa
1131 2253 1313 2316 smnmopero

200 2317 356 2376 cavendum
380 2337 417 2376 ne
440 2315 476 2376 ad
494 2318 666 2377 iracrmdiem
683 2335 737 2377 noa
756 2321 892 2397 provocat
910 2320 1086 2396 contemptus
1108 2315 1211 2374 nostri:
1239 2315 1311 2394 quin

199 2397 293 2475 potius
312 2395 366 2454 hac
383 2401 493 2454 tanturn
512 2397 547 2456 de
567 2415 651 2456 causa
669 2396 752 2454 irasci
771 2395 918 2468 diocanms,
937 2395 962 2453 si
980 2413 1047 2452 suus
1066 2390 1130 2454 Deo
1147 2411 1205 2452 non
1226 2391 1311 2452 hehe·

199 2480 247 2531 tur
275 2473 374 2534 honor.
423 2473 501 2534 liaeo
524 2481 620 2534 renota
645 2474 785 2554 zelotypia
810 2493 862 2532 nos
880 2479 947 2532 urat
965 2479 995 2531 et
1013 2471 1169 2546 exundet,
1196 2472 1311 2553 quoties

199 2551 336 2609 mundum
354 2551 481 2612 videmus
499 2553 539 2610 ita
557 2553 696 2633 ingratum
716 2571 778 2614 esse
796 2559 829 2612 ut
846 2549 942 2611 Deum
960 2551 1074 2610 reiiciat.

277 2629 324 2688 42.
351 2632 439 2703 Quod
453 2633 708 2692 dilectionem'Dei
726 2655 786 2692 ooo
804 2631 920 2690 hebetia
959 2627 1082 2689 Dilectio
1101 2625 1157 2688 Del
1174 2649 1228 2709 pro
1246 2635 1310 2692 toto

199 2707 310 2786 pietatis
330 2727 412 2766 sensu
431 2707 477 2768 hio
496 2711 613 2790 capitur.
638 2709 743 2770 Amare
762 2707 941 2770 euimDeum
949 2727 1034 2767 nemo
1064 2713 1146 2781 otest,
1166 2710 1309 2788 quiricum
1404 2751 1405 2756 κ

199 2785 332 2864 suspiciat
359 2805 444 2866 seque
472 2794 564 2884 totum
592 2789 634 2849 illi
662 2789 814 2848 submittat
854 2785 1014 2864 Quemudm
1052 2803 1100 2856 run
1118 2787 1241 2881 vicissim
1261 2787 1309 2846 uhi

161 2917 166 2928 “
196 2864 1309 3029 tttitttttgi'trtlrtctitiiliwir-officit

197 3027 326 3080 nostrum
344 3041 381 3080 ex
399 3029 460 3082 toto
480 3024 576 3100 cordo,
594 3031 647 3084 etc.

276 3100 322 3162 43.
361 3103 431 3183 Ego
450 3112 513 3162 vent
531 3112 563 3162 a·
580 3113 704 3165 amone.
744 3103 831 3184 Quod
849 3101 946 3167 Dum
968 3123 1027 3166 non
1045 3108 1138 3164 ament
1155 3119 1210 3163 nac
1227 3121 1308 3162 reva-

197 3184 311 3237 raantur
324 3177 427 3254 Iudaei,
446 3181 547 3276 probat
561 3181 687 3243 Christus
707 3181 762 3244 hoc
774 3193 950 3266 argumento,
965 3186 1034 3266 'quia
1047 3180 1309 3263 pseudoprophetas

198 3257 297 3336 cupide
316 3265 455 3338 recepturi
479 3261 534 3318 aiut
554 3281 641 3355 quum
660 3262 795 3323 subiicere
813 3282 844 3324 sa
863 3262 927 3323 Deo
946 3269 1082 3322 recusent
1121 3259 1216 3320 Sumit
1234 3261 1309 3319 euim
1404 3317 1405 3332 ,

197 3353 250 3414 pro
268 3335 396 3396 confesso
416 3336 472 3397 hoc
490 3357 570 3418 pravi
589 3347 618 3399 et
636 3341 715 3420 impii
732 3343 817 3402 animi
836 3343 947 3422 signum
960 3361 1031 3416 esse7
1090 3337 1309 3434 umposthahits

196 3413 314 3478 veritate
341 3414 459 3476 libenter
487 3419 636 3478 mendaciis
665 3419 792 3481 homines
822 3421 1007 3480 subscribunt
1051 3361 1177 3498 (ἔφη
1195 3417 1309 3476 obiiciat
1404 3447 1405 3450 ¹

196 3511 290 3552 errore
309 3493 365 3553 hoo
382 3496 490 3574 plerum
566 3499 656 3578 magis
675 3517 760 3577 quarn
779 3500 884 3560 malitia
903 3498 973 3572 fieri,
1000 3500 1187 3577 inpromptu
1205 3502 1248 3554 est
1266 3504 1308 3554 r'e

196 3575 318 3650 sponsio,
346 3575 486 3636 neminem
527 3583 627 3636 atanae
645 3577 807 3656 imposturis
826 3597 887 3638 esse
906 3577 1070 3648 obnoxium,
1099 3576 1152 3634 uiri
1172 3581 1310 3652 quatenus
1404 3615 1405 3620 η

195 3669 327 3788 ρῒἫιι
346 3654 638 3792 puadammculppdlitatc
657 3656 833 3716 mendacium
848 3657 957 3794 pelaitati
968 3654 1096 3750 ppaeiert.
1122 3650 1181 3790 gul
1189 3651 1310 3748 fitentur.

194 3748 264 3939 {uid
280 3824 298 3864 a
315 3750 530 3906 ldsdddhvarsi
547 3753 722 3906 inlduilartoelidr
734 3737 1311 3910 tdlshdtappdhldphsllwgddhquhdildotlddl

216 3901 264 3939 um
293 3892 350 3958 eat,
380 3887 524 3947 Christum
546 3907 660 3968 proprre
684 3888 719 3947 de
738 3889 782 3950 hra
800 3891 881 3970 loqm
900 3891 1003 3972 qrnhns
1021 3890 1199 3970 poouhanter
1216 3889 1311 3948 rlluxrt

193 3957 283 4032 Deus,
302 3963 384 4022 sicuti
397 3963 515 4025 Iudaeos
533 3965 589 4026 hoc
607 3967 707 4046 privilc
727 3969 754 4027 ‘o
774 3970 903 4051 dignatos
921 3975 991 4043 crat,
1011 3976 1045 4028 ut
1057 3967 1151 4028 edocti
1164 3966 1310 4046 eiuslaege

194 4043 300 4096 rectem
319 4041 416 4100 colafis
435 4045 511 4104 viam
529 4051 663 4105 tenerent
728 4047 784 4107 alea
804 4056 913 4108 certmn
931 4055 976 4107 est
994 4065 1091 4106 auram
1106 4046 1220 4104 minime
1250 4056 1309 4104 roe·

194 4115 260 4174 here
278 4115 354 4176 falsis
374 4117 535 4181 doctoribus
553 4124 606 4182 uisi
625 4125 692 4260 puis
710 4125 770 4184 salli
789 4134 896 4207 optant
935 4125 1003 4185 ldao
1022 4125 1090 4184 dicit
1103 4123 1221 4199 Moses(
1289 4130 1309 4182 t
1404 4147 1405 4160 ¹

194 4195 293 4269 13‚3.)
314 4213 403 4276 quum
422 4219 471 4258 sur
527 4207 629 4280 tpreu
739 4203 829 4281 hetae,
849 4205 906 4264 hoo
924 4205 1010 4264 modo
1050 4201 1143 4262 robori
1161 4208 1190 4260 et
1204 4203 1310 4260 exami-

192 4274 258 4368 nui·
271 4275 409 4355 populum
427 4295 463 4336 an
520 4297 569 4340 um
587 4223 793 4364 ruumpdlligat.
832 4282 951 4342 wdetur
970 4223 1085 4360 qudam
1103 4282 1133 4340 in
1152 4279 1250 4340 multia
1268 4281 1310 4338 in-
1404 4299 1405 4320 ι

191 4371 276 4416 noxra
295 4373 356 4416 esso
374 4357 545 4440 simplicitas,
565 4358 615 4420 aed
633 4359 747 4424 minima
765 4359 883 4424 dubium
901 4368 945 4423 est
964 4361 1033 4442 quin
1043 4359 1108 4421 ultr
1127 4358 1227 4420 ourlor
1246 4377 1309 4440 per-
