2838 4848
177 235 236 308 ιιι
408 223 413 233 ·
566 181 917 318 periculosus.

176 356 254 414 suein
275 347 330 424 vlo,
349 355 381 412 ut
398 346 563 426 loquuntur,
581 345 673 406 medin
692 344 762 406 hoec
771 363 845 425 ques
865 340 955 408 oculis
970 350 1116 425 uppnreut,
1137 348 1302 486 praeirem,

176 450 229 490 nos
247 429 436 510 impediente
454 445 555 488 mersus
574 425 684 486 divinae
702 441 770 485 cons
791 431 868 485 ectu:
887 421 959 484 nihil
976 442 1054 505 ergo,
1071 426 1127 488 nisi
1165 447 1314 490 ιιιιιιιιιιιιιι.

176 515 246 570 lunc
264 508 447 590 agnoscimus.
487 503 539 568 Sin
558 525 626 566 vero
644 504 757 566 insolita
823 505 830 520 '
851 503 942 564 virtus
961 509 991 563 et
1007 510 1127 566 nummo
1146 507 1248 568 ordine
1268 527 1304 570 sc

139 602 143 612 '
176 589 275 650 medis
294 586 380 667 vulgo
399 585 474 644 nolis
493 585 621 666 superior
640 584 770 665 refulget,
788 582 1013 662 obstupescimus
1026 587 1145 665 ecquod
1155 590 1304 648 somnium

65 711 69 727 ι
176 667 326 742 euanescit,
345 665 424 745 qnod
442 683 540 724 sensns
560 683 658 724 omnes
676 669 790 724 nostros
809 663 921 743 penitus
940 661 1054 722 allicere
1072 664 1198 727 debebat
1224 664 1303 728 Num

234 751 314 808 sest
330 750 427 806 nostm
447 741 588 826 superbie,
608 763 661 824 pro
681 742 769 802 nihilo
789 741 918 802 ducimus
931 743 1012 802 cuius
1022 745 1302 826 ruliononeppsrct.

175 767 244 888 {ppt
262 823 319 886 hoc
337 823 463 884 mirabile
483 824 588 904 matisc
606 829 637 885 st
654 822 768 883 virtutis
786 819 843 882 Dei
862 822 1016 902 specimen,
1035 823 1115 902 quod
1133 823 1262 886 Christus
1282 844 1302 886 u

173 905 253 966 nullo
272 904 406 986 magistro
423 901 542 963 edoctus
560 902 665 962 eximia
682 907 778 962 temen
788 899 954 981 Scripturas
966 901 1153 982 intelligentie
1183 903 1301 964 ollelrats

173 985 231 1046 lmo
251 985 301 1064 qui
318 1002 465 1062 uunquam
483 982 575 1042 iuerat
599 979 766 1062 discipulus,
787 981 1049 1121 praestantissimus
1074 989 1137 1043 erut
1155 924 1255 1043 ‹loclor
1273 989 1303 1044 et

173 1064 315 1144 umgister.
351 1061 442 1141 Atqui
460 1061 516 1121 lroo
534 1059 597 1141 ipso
617 1060 775 1142 despiciunt
802 1059 883 1120 odaei
901 1060 1019 1141 graiium
1029 1059 1096 1134 Dei,
1116 1063 1183 1142 quie
1202 1081 1301 1124 eorum

173 1150 290 1224 coptum
309 1148 431 1223 superat
481 1139 605 1200 Proinde
628 1137 684 1200 hoo
709 1140 841 1220 exemplo
865 1140 966 1200 monili
984 1143 1120 1201 maiorem
1140 1161 1229 1235 quem
1247 1162 1303 1222 pro

173 1241 254 1284 more
262 1220 320 1283 Dei
330 1221 517 1284 reverendam
527 1219 659 1279 adhibere
668 1217 807 1280 dmmmns
816 1219 846 1278 in
856 1218 989 1299 operibus
1006 1221 1065 1282 cius
1080 1221 1300 1280 considerandis.

251 1303 300 1366 16.
318 1303 395 1364 Meo
413 1303 549 1363 manna
567 1323 628 1360 oon
646 1307 688 1360 est
706 1322 781 1360 nuso.
810 1295 899 1377 Quod
917 1297 1027 1359 Iudaeis
1045 1299 1209 1360 scandalum
1228 1305 1299 1374 erut,

173 1379 305 1446 Christus
324 1381 405 1462 quusi
424 1380 529 1442 melem
568 1379 643 1438 otius
663 1397 724 1438 esse
747 1377 895 1451 admonet,
1020 1397 1132 1440 sursum
1156 1397 1206 1438 eos
1231 1397 1299 1440 eve-

172 1461 242 1524 uuo
261 1459 362 1522 debent
379 1459 416 1520 ud
436 1399 604 1521 cerncmlem
615 1456 672 1519 Dei
691 1457 823 1539 glorium:
842 1459 901 1521 sesi
940 1459 1033 1534 'cenet
1052 1456 1175 1536 Quando
1194 1457 1299 1518 videtis

173 1541 319 1602 doctorem
336 1559 397 1601 non
415 1539 567 1600 formatum
586 1539 616 1600 iu
635 1536 734 1599 schole
751 1537 909 1612 hominum,
930 1537 1064 1598 divinitus
1078 1537 1221 1598 eruditum
1234 1557 1299 1598 esse

172 1621 328 1716 agnoscite:
354 1617 429 1682 Num
446 1616 628 1758 idcelllilium
646 1637 730 1678 suum
748 1637 786 1680 es
805 1615 969 1758 meplrunico
986 1619 1084 1757 pplipp
1099 1616 1212 1682 officim
1231 1637 1314 1714 pec-1

172 1699 1298 1920 iiiplilitii¹ilinpii¹ppli130iiiiii}iniguizpi'ff

170 1877 215 2000 l,
235 1875 1035 2020 mittit-‘siritu‘distillet
1053 1876 1153 2018 pete
1167 1874 1295 1995 eliis

171 2018 263 2079 sidere
281 2019 312 2081 in
330 2037 425 2079 crosso
446 2017 618 2099 ignomin,
647 2022 682 2081 ut
703 2024 850 2080 momento
873 2033 932 2079 uno
955 2017 1073 2092 edoctos
1096 2015 1179 2096 quusi
1203 2032 1296 2076 novos

169 2096 299 2159 homines
318 2097 446 2178 adeoque
466 2096 580 2178 angelos
599 2115 617 2158 c
635 2095 717 2158 coelo
737 2096 867 2192 delapsos
883 2097 1032 2180 proferret.
1072 2095 1183 2158 lueres
1202 2099 1296 2156 oslen-

170 2176 213 2238 dit
231 2176 362 2238 Christus
380 2169 456 2239 uude
494 2175 595 2238 cienda
614 2177 651 2237 sit
669 2175 821 2258 spirimulrs
841 2177 984 2242 doctrines
1000 2177 1166 2237 auctoritas:
1190 2192 1295 2254 nempc

169 2259 269 2320 usolo
288 2255 362 2318 Deo.
403 2197 493 2335 Quod
510 2262 605 2316 eutem
624 2256 781 2318 doctrinam
801 2273 873 2338 queo
892 2253 983 2316 Puluis
1002 2261 1045 2318 est
1063 2273 1144 2314 sunm
1163 2271 1225 2314 esse
1243 2272 1292 2314 no·

205 2345 227 2416 t,
245 2339 276 2398 in
294 2355 330 2398 eo
348 2342 463 2432 ceptum
481 2335 641 2397 auditorum
659 2336 789 2417 respicit,
816 2336 867 2417 qui
892 2336 963 2432 nihil
981 2334 1016 2396 do
1033 2353 1069 2430 co
1087 2333 1170 2475 elttilps
1189 2333 1291 2392 sentie-

97 2571 101 2579 ¹
168 2424 256 2557 Pallio
296 2415 511 2578 oberih{llllilserlll
524 2412 1107 2576 disdihilEtlulrlenplrlrollllllesdilinlsllipllslr
1117 2427 1292 2553 melnedllilnll

168 2571 290 2634 Summa
307 2581 367 2648 est,
386 2573 463 2656 quod
482 2571 577 2655 Patris¹
593 2576 708 2635 nomios
727 2573 811 2635 docet
829 2593 889 2635 non
907 2593 969 2636 esse
987 2573 1123 2649 hominis,
1151 2591 1207 2634 nec
1225 2591 1312 2652 pro·-

168 2653 278 2715 lectum
296 2653 331 2713 ub
352 2653 477 2724 homine,
495 2660 529 2712 nt
546 2653 662 2732 impune
680 2655 823 2714 contemni
841 2655 940 2734 possit.
975 2650 1111 2712 Videmus
1131 2672 1189 2732 qno
1207 2669 1291 2732 ergu-

168 2739 265 2798 mento
284 2733 479 2794 anctoritatem
498 2733 628 2794 conciliet
646 2752 714 2794 susc
733 2733 892 2798 doctrinae:
911 2751 1014 2814 nempe
1031 2733 1124 2814 ipsum
1142 2731 1178 2790 ud
1192 2728 1289 2790 Deum

168 2817 313 2876 auctorem
331 2811 487 2874 referendo.
516 2811 652 2872 Videmus
672 2814 757 2874 etiem
776 2833 835 2894 quo
853 2814 915 2874 iure
933 2818 963 2873 et
982 2829 1039 2892 quis
1056 2809 1289 2873 sotioneeudicn·

168 2895 238 2954 lium
256 2891 462 2972 sibi'postulei:
491 2911 595 2973 nempe
617 2893 684 2976 quis
708 2893 810 2952 missus
834 2893 872 2954 sit
889 2911 908 2954 e
925 2891 1011 2952 Patre
1030 2891 1139 2953 doctor.
1179 2889 1289 2950 Horum

167 2972 254 3070 ipitur
272 2977 424 3050 utrumque
442 2969 545 3032 hebent
563 2978 690 3054 oportet,
715 2971 843 3057 quisquis
863 2971 982 3034 docendi
999 2988 1105 3035 munus
1124 2975 1242 3053 nsmppt
1260 2974 1290 3031 et

167 3052 222 3115 subi
239 3050 326 3113 fidem
343 3051 408 3112 vult
426 3049 530 3112 heberi.

247 3133 295 3196 17.
315 3135 350 3192 Se·
368 3139 434 3214 puts
449 3135 581 3194 ooloes't.
621 3131 778 3214 Occupatio
798 3151 855 3214 qne
874 3132 1028 3210 sonuerim
1047 3131 1219 3194 obiectiones
1237 3147 1287 3192 on·

166 3213 274 3310 ticipet.
292 3206 367 3272 Nam
386 3231 476 3290 quum
493 3211 551 3306 illic
569 3211 674 3272 multos
683 3213 867 3308 'adversarios
881 3211 1006 3308 heberet,
1024 3213 1289 3351 crdvispromp'tpm

166 3289 1007 3513 &supposuissemus
1017 3311 1035 3353 ·
1045 3313 1103 3468 u
1111 3299 1302 3510 prop}

166 3471 222 3512 con
313 3467 348 3510 us
497 3471 513 3510 e
558 3471 640 3512 ocem
662 3471 774 3513 mssex
800 3471 860 3512 erus
884 3471 964 3515 russo
1045 3471 1089 3511 ια
1150 3469 1220 3509 ero
1257 3467 1267 3506 1

166 3530 298 3593 Christus
316 3491 427 3590 scitne
445 3529 578 3591 iudicium
596 3549 710 3592 menore
729 3551 767 3593 ex
785 3533 886 3592 timore
903 3530 961 3592 Dei
979 3537 1009 3590 et
1026 3469 1200 3591 rer-eluentisg
1218 3527 1284 3588 ideo

166 3611 192 3672 si
211 3612 321 3672 animos
339 3608 462 3670 micant
480 3610 515 3670 sd
534 3612 666 3670 timorem
683 3609 740 3671 Dei
758 3611 944 3692 compositos,
961 3609 1045 3672 saule
1064 3609 1222 3690 cgnitum,
1245 3623 1284 3666 en

166 3710 267 3752 verum
286 3691 324 3751 sit
340 3708 430 3749 necne
449 3689 526 3770 quod
565 3689 695 3750 medicei.
737 3687 807 3768 Quo
825 3691 909 3752 simol
926 3691 991 3751 illos
1016 3687 1128 3767 oblique
1151 3685 1286 3767 perstrin-

166 3770 220 3849 gis:
248 3787 317 3830 num
339 3769 417 3829 unde
439 3769 474 3829 fis
495 3775 529 3828 ut
545 3711 705 3830 lisccmcre
722 3775 877 3910 fflceolnl’
887 3790 962 3911 Stspari
977 3767 1056 3849 qnod
1073 3763 1287 3907 rectp'spdiinlgelll⁹

1232 3863 1285 3904 eo.

226 3927 315 3986 tortia
430 3927 566 4007 imprimis
589 3933 688 3988 notulu
712 3927 796 4008 dignu
818 3867 873 3990 esl:
901 3845 1128 3990 mid-ippum
1140 3924 1287 3986 insidietur

165 4002 265 4077 Seium
283 4009 314 4064 et
330 4006 455 4084 undiquc
473 4005 563 4066 tendit
581 4005 697 4086 loqueos
715 4013 748 4066 ut
766 4010 824 4068 suis
842 4008 959 4069 lesssciis
976 4027 1032 4069 nos
1045 4007 1148 4088 cupiet.
1169 4003 1287 4066 llicuos

166 4082 297 4144 Christus
315 4083 526 4144 adserendum
545 4085 651 4166 optime
669 4089 840 4166 praemunit,
863 4107 902 4150 ns
920 4082 1025 4168 quibus
1043 4088 1104 4147 cius
1122 4083 1286 4168 imposturis

166 4163 254 4222 simus
276 4179 317 4221 un
373 4183 404 4222 m
427 4162 557 4224 obnoxii:
584 4183 688 4262 nempe
710 4166 735 4225 si
758 4168 848 4248 poroti
872 4168 960 4228 sirnm
983 4169 1014 4227 in
1032 4166 1090 4226 Dei
1108 4165 1286 4246 obsequium,

165 4239 282 4314 minime
301 4241 308 4257 '
331 4259 381 4302 um
398 4243 480 4302 nobis
499 4243 594 4305 delore
612 4265 682 4325 qmn
699 4242 822 4326 Spiritus
840 4248 886 4310 sui
909 4247 974 4308 luce
997 4245 1146 4328 effulgent,
1174 4251 1209 4305 ut
1231 4243 1285 4302 dis-

166 4335 283 4382 munere
301 4319 384 4381 licent
401 4321 474 4382 inter
492 4323 637 4384 veritatem
655 4331 685 4386 ct
702 4325 888 4412 mendacium.
923 4323 1000 4388 Nihil
1018 4343 1089 4406 ergo
1107 4323 1185 4384 eliud
1203 4321 1286 4384 nobis

167 4399 262 4464 obstet
279 4401 431 4483 pommus
449 4407 526 4464 secte
543 4401 707 4482 iudicemus,
724 4405 866 4487 nidqnod
883 4405 1020 4474 indociles
1038 4421 1137 4466 somus
1155 4421 1190 4466 ec
1207 4419 1288 4485 pres·

773 4531 788 4574 0

222 3848 277 3907 lise
294 3865 329 3908 cn
349 3855 384 3907 ut
399 3849 477 3944 ipsos
496 3847 599 3920 deficit,
618 3849 707 3928 pietus
