2754 4864
206 237 266 299 160
597 227 638 288 ΙΝ
657 225 918 290 acra-apost.

207 355 341 430 tanquam
371 345 514 407 oecultum
544 343 710 405 lasciculum
737 345 813 404 intua
842 342 958 404 alamus.
1004 341 1131 424 ffigniieut
1150 363 1221 427 ergo
1240 345 1281 408 Pe·

158 465 161 470 ·
207 435 268 490 trus
296 447 353 486 nou
383 435 440 485 una
470 429 580 485 tantum
604 426 634 486 in
656 429 737 504 parte
761 426 900 483 simonem
923 424 1028 504 lapsuro
1047 445 1112 498 esse,
1137 427 1185 484 real
1207 429 1282 506 ipsam

207 507 300 569 cordis
319 506 441 566 radicem
466 503 599 564 vitiosam
623 523 683 564 esse
708 510 737 564 et
756 523 896 563 amaram:
926 521 984 568 non
1001 504 1074 562 modo
1089 507 1114 565 in
1132 525 1185 564 una
1203 509 1283 586 speeie

244 587 316 646 ceati
339 585 469 646 incidisse
492 585 521 643 in
541 583 662 642 Satanae
685 583 814 663 laqueos,
847 583 898 642 aed
921 600 1018 641 omnea
1038 585 1088 642 eiua
1102 604 1188 644 suasus
1206 588 1284 644 teneri

206 667 372 748 implicitos,
396 671 429 722 nt
452 669 529 724 totus
552 665 590 722 eit
613 662 739 722 addictus
758 663 880 722 Satanae
903 669 932 721 et
952 665 1032 741 quasi
1047 665 1174 744 iniqriutie
1190 665 1283 723 manci·

206 748 296 829 pium.
331 744 454 803 'interca
482 763 646 815 monemur,
673 743 811 801 scelerum
841 743 1008 822 gravitatem
1030 761 1083 802 nou
1097 751 1145 803 un
1159 745 1282 824 aflagida

207 827 284 908 qnod
304 831 422 906 apparet
440 822 525 903 qnam
544 823 580 882 ab
600 823 704 882 ellectu
723 822 816 880 cordis
836 823 986 881 aestimari.
1341 851 1342 890 f

287 905 334 968 24.
368 905 539 984 'Respondit
559 909 669 962 Simon.
718 899 793 960 Hine
825 901 996 984 colligimus,
1025 921 1081 960 uon
1106 903 1140 960 ita
1163 906 1285 980 acceptum

207 977 243 1046 ali
265 985 316 1044 illo
335 984 421 1044 luisoe
441 982 520 1061 quod
538 983 660 1042 adnanra
680 988 740 1056 erat
760 978 876 1054 Petrus,
905 981 974 1060 quin
993 981 1107 1041 rualem
1124 998 1193 1038 suam
1209 981 1287 1058 quaed

206 1069 359 1146 reputaret,
403 1061 527 1121 Tametsi
551 1069 645 1121 aulem
669 1077 743 1130 unus
766 1066 878 1120 tanturn
896 1058 999 1120 Petrus
1017 1061 1143 1140 loquutus
1158 1065 1221 1128 erat,
1244 1077 1288 1118 ser·

206 1149 323 1214 adonem
346 1141 476 1201 omnibus
501 1143 661 1220 promiscue
685 1139 787 1199 tribuit
801 1146 918 1220 propter
936 1159 1109 1200 consensum.
1148 1136 1221 1197 Nunc
1235 1157 1287 1196 exo

206 1227 279 1283 nitur
308 1222 448 1303 puaeslio,
479 1217 558 1358 ἳιιίἀ
588 1223 624 1278 sit
652 1220 688 1279 do
712 1219 829 1279 Simone
853 1217 1051 1278 sentiendum?
1095 1217 1223 1298 Scriptura
1243 1236 1287 1274 noa

207 1303 319 1384 longius
348 1315 434 1380 qaam
463 1318 480 1358 a
523 1299 713 1358 coniecturam
737 1317 791 1358 noa
815 1295 908 1372 ducit,
938 1296 1028 1376 Quod
1046 1297 1207 1377 obiurgationi
1228 1296 1289 1354 cedit

205 1392 236 1442 et
263 1388 354 1440 tactus
383 1379 491 1458 peccati
520 1380 564 1436 sui
592 1394 676 1437 seusu
705 1377 762 1438 Dei
786 1380 888 1438 metuit
911 1379 1060 1450 indicium,
1084 1376 1168 1435 deinde
1187 1375 1219 1432 ad
1240 1373 1287 1432 Dei

205 1458 425 1521 misericordiam
442 1475 476 1516 se
495 1457 604 1516 confert
622 1475 710 1538 seque
727 1459 859 1553 precibus
877 1456 1023 1518 Ecclesiae
1040 1455 1200 1517 commendate
1225 1453 1286 1511 haec

206 1546 282 1600 certe
316 1557 375 1596 uon
411 1537 526 1596 minima
556 1543 631 1595 suni·
651 1539 839 1618 poeniteutiae
873 1539 969 1620 signa,
1004 1539 1124 1596 eoniieere
1148 1553 1205 1616 erge
1229 1533 1286 1590 lieet

204 1622 298 1700 ipsum
321 1617 481 1698 resipuisse.
528 1614 565 1675 Et
587 1621 682 1675 tamen
707 1623 817 1676 veteres
840 1635 898 1676 uno
923 1636 1061 1676 consensu
1076 1615 1176 1674 traam
1192 1629 1290 1694 gravem

205 1695 309 1780 postea¹
319 1693 405 1755 luisse
415 1694 500 1755 Petro
521 1695 712 1756 adversarium
733 1695 880 1756 etllomae
899 1717 966 1756 cum
987 1717 1025 1756 eo
1037 1692 1290 1777 pertridunmdispu·

205 1786 287 1838 tasse.
337 1774 440 1834 Exstat
468 1776 552 1834 etiam
577 1777 680 1856 scripta
705 1775 858 1856 disputatio
882 1776 935 1835 sub
960 1781 1076 1836 nomine
1094 1774 1240 1846 Clanmlia,
1254 1769 1292 1827 sed

204 1868 278 1938 quae
301 1863 362 1915 tam
380 1853 477 1936 putida
496 1855 592 1915 deliria
611 1858 745 1926 continet,
765 1861 797 1914 at
816 1855 920 1916 mirum
939 1857 976 1916 sit
996 1875 1014 1915 a
1035 1855 1188 1916 Claristiauis
1204 1849 1293 1912 auribn
1341 1887 1342 1896 η

226 1951 289 1996 osee
312 1935 388 1995 ferri.
408 1933 520 1994 Deinde
540 1935 661 1994 ostendit
680 1935 857 2014 Augustinus
876 1936 913 1994 ad
930 1935 1107 2008 Ianuarium,
1129 1935 1212 1993 varios
1228 1939 1250 1991 et
1265 1933 1292 1989 le
1341 1953 1342 2000 ,

204 1957 320 2076 dolosos
339 2033 468 2074 rumores
488 2031 520 2073 ea
541 2014 576 2075 de
596 2034 627 2074 re
646 2033 699 2073 eno
718 2019 847 2095 tempore
857 2013 967 2076 llomae
985 2025 1105 2098 vagatos
1123 2015 1213 2073 luisse:
1229 2029 1294 2090 qnare
1341 2021 1342 2084 l

204 2095 282 2156 nihil
298 2082 465 2168 iutiusest,
496 2103 582 2174 quam
606 2095 720 2153 incertis
745 2094 924 2174 opinionibus
948 2097 1046 2155 valere
1070 2096 1150 2154 iussis
1168 2093 1295 2172 simpliciter

204 2176 338 2256 amplecti
362 2174 439 2252 quod
458 2173 616 2254 Scripturia
639 2173 784 2254 proditum
809 2181 860 2234 est
906 2171 994 2252 Quod
1015 2176 1083 2234 aldri
1102 2175 1137 2234 de
1155 2173 1255 2232 Simone
1267 2170 1295 2227 le

205 2257 296 2336 g'mm
318 2255 420 2312 merito
441 2255 535 2334 plures
555 2252 593 2312 nb
613 2270 711 2311 causas
731 2259 893 2334 suspectum
913 2275 975 2314 csse
993 2261 1100 2335 potest.

283 2335 331 2394 95.
372 2335 423 2392 lllt
442 2355 474 2393 er
497 2355 515 2392 o
535 2333 692 2412 testificati.
723 2331 784 2400 'His
813 2335 907 2392 verbis
937 2335 1020 2394 docet
1050 2334 1156 2406 Lucas,
1184 2351 1233 2391 non
1251 2329 1296 2388 ideo

203 2419 314 2488 mnium
343 2414 452 2471 venisse
472 2357 589 2491 §etrum
612 2419 642 2470 et
666 2411 814 2486 loannem,
845 2419 878 2472 ut
897 2414 977 2473 donis
997 2413 1124 2495 Spiritus
1142 2413 1248 2472 ditarent
1260 2407 1296 2466 Sa-

204 2495 371 2566 maritanos,
397 2491 444 2549 aed
466 2499 499 2550 ut
517 2489 872 2571 comprobandoPhilippi
891 2493 1049 2554 doctrinam
1070 2493 1136 2553 illos
1153 2494 1182 2552 ia
1199 2491 1246 2550 lide
1260 2492 1298 2547 iau

203 2579 316 2651 recepta
340 2570 503 2630 stabilirent.
531 2569 613 2630 1Ηοο
636 2574 712 2630 enim
735 2571 812 2630 valet
834 2575 1028 2651 Teatificoodt
1053 2574 1186 2644 verbnm,
1212 2568 1297 2629 aecil'r

204 2659 294 2722 cerei,
323 2669 423 2711 eorum
443 2651 602 2710 testimonio
623 2651 733 2709 lactum
750 2669 825 2725 esse,
855 2659 888 2711 ut
907 2653 990 2732 plena
1009 2657 1040 2712 et
1059 2655 1150 2712 solida
1170 2647 1247 2712 aerbo
1261 2645 1298 2706 lte·

203 2730 355 2790 auctoritas
381 2736 534 2800 constaret,
558 2747 591 2787 ac
611 2731 717 2809 vigeret
736 2736 872 2810 tanquam
892 2732 982 2810 probe
1001 2735 1105 2792 testata
1126 2741 1155 2792 ct
1174 2730 1299 2790 ananan

203 2811 316 2869 veulles.
356 2805 448 2866 Simul
468 2815 561 2868 tamen
581 2809 654 2868 lidos
673 2808 729 2868 Dei
749 2817 834 2870 testes
853 2812 938 2870 luisse
958 2811 1094 2872 admouet
1112 2811 1216 2885 Lucae,
1236 2823 1299 2889 pun

203 2889 280 2950 addit
308 2888 460 2969 protulisse
485 2891 544 2948 Det
566 2909 734 2948 sennonem.
786 2887 864 2950 llaec
887 2910 955 2971 ergo
979 2893 1128 2952 doetrinae
1152 2889 1300 2971 Apostolieat

203 2987 313 3028 aumma
339 2967 406 3036 luit,
435 2967 555 3028 fideliter
579 2968 705 3048 prolerre
725 2987 799 3048 quae
818 2988 835 3027 a
856 2967 981 3047 Domino
1001 2971 1175 3043 didicerant,
1202 2989 1250 3028 nou
1265 2982 1300 3022 sn

203 3049 249 3106 vel
284 3049 451 3126 cuiusquam
485 3047 632 3107 hominum
668 3055 837 3116 commenta.
891 3047 970 3110 llicit
1003 3071 1061 3110 unu
1093 3051 1125 3110 in
1155 3067 1210 3109 tura
1235 3045 1302 3106 solum

202 3127 272 3187 arbe
297 3127 353 3186 hoc
372 3130 484 3200 iecisse,
509 3127 559 3186 scd
584 3129 668 3186 eiiam
687 3128 717 3186 in
738 3129 815 3186 vicis.
856 3127 993 3188 Videmus
1012 3149 1082 3210 ergo
1103 3132 1147 3190 sic
1165 3129 1199 3187 ad
1218 3143 1301 3208 pruma

201 3207 321 3266 vendam
333 3205 438 3266 Christi
459 3207 577 3287 gloriam
597 3207 683 3266 luisse
702 3225 845 3278 accensos,
865 3213 897 3267 ut
917 3227 1090 3290 quocunqne
1112 3211 1235 3269 venirent
1246 3205 1303 3266 illum

202 3285 337 3346 haherent
361 3287 389 3372 in
411 3305 467 3346 ore.
514 3286 556 3346 lta
575 3287 610 3346 ab
631 3305 688 3348 aaa
707 3287 776 3347 urba
795 3293 957 3368 pertatem
976 3290 1123 3369 regionem
1144 3307 1237 3349 semen
1251 3286 1304 3342 rinc

179 3445 184 3455 ξ
200 3366 294 3447 spargi
314 3367 415 3448 coepit.

288 3517 342 3586 26.
388 3519 527 3612 Angelus
555 3531 661 3588 autem
684 3522 815 3590 Domini
841 3523 994 3616 loquutus
1017 3507 1069 3590 est
1093 3523 1251 3616 Philippo,
1275 3518 1305 3583 di

201 3650 292 3698 cens:
327 3617 444 3718 Surge,
476 3638 509 3695 at
541 3628 623 3696 vade
656 3627 818 3696 meridiem
845 3653 971 3710 versus,
1004 3629 1043 3696 ad
1071 3631 1159 3698 viam
1182 3653 1256 3720 quae
1273 3625 1306 3690 do

201 3729 360 3804 aeendlta
383 3732 552 3800 Ierusalem
573 3733 704 3800 Gazam:
726 3733 796 3825 ipsa
818 3746 867 3802 est
888 3737 1018 3803 deserta.
1058 3737 1112 3804 27.
1136 3736 1306 3824 assurgens

200 3841 360 3932 proiectus
389 3849 444 3911 est.
495 3837 539 3906 Et
566 3863 638 3908 ecce
666 3839 715 3908 vir
741 3841 911 3932 Aethiops,
938 3842 1118 3926 eunuchus,
1155 3841 1308 3912 Praeledm

200 3947 361 4016 Candacen
388 3943 525 4037 Reginae
555 3945 765 4042 Aethiopum,
800 3947 854 4038 qui
880 3959 1021 4038 praeerat
1047 3949 1106 4015 toti
1134 3951 1205 4023 eins
1229 3967 1307 4040 prae

201 4053 256 4141 qui
283 4063 415 4120 venerat
433 4051 688 4142 Hierosolymam
709 4054 909 4121 adoraturus:
954 4055 1006 4120 98.
1030 4053 1205 4124 Revertens
1226 4063 1309 4120 enlm

200 4177 238 4220 ae
254 4145 372 4220 'sedens
394 4155 427 4220 in
449 4161 541 4248 curru
563 4179 632 4241 suo,
654 4157 774 4248 legebat
790 4155 981 4250 Prophetam
1003 4159 1139 4228 lesaiam.
1165 4161 1219 4228 29.
1242 4153 1310 4224 D'u'l

145 4331 150 4349 Ι
200 4265 324 4358 autem·¹
336 4255 470 4345 Spiritus
492 4253 658 4354 Philippos
684 4261 809 4330 Accede
837 4273 869 4332 et
894 4263 1061 4358 adiungere
1089 4267 1128 4334 ad
1157 4267 1245 4334 hunc
1261 4285 1310 4330 eur

200 4383 281 4428 rum.
331 4360 385 4428 30.
406 4363 581 4436 Aemarrens
608 4377 714 4438 anem
736 4367 914 4462 Philippus,
935 4371 1055 4438 audivit
1076 4395 1150 4442 eum
1169 4373 1310 4466 legentem
