2700 4844
161 183 222 250 ιιι
566 155 888 246 rn‘ncrnnrusr.
1346 239 1347 246 ι

163 295 493 441 positamquuestiunem
507 294 661 371 salvamus,
680 299 720 358 sic
739 299 864 360 breviter
881 297 1054 362 mmm
1064 309 1123 362 wi:
1248 325 1299 365 ma·
1346 355 1347 358 ,

175 400 199 440 rs
223 378 359 460 promisti
378 383 445 472 sunt
463 375 544 454 boni,
556 380 697 472 'ubisque
719 382 880 461 promiscue
901 380 1034 440 accidere
1053 403 1100 442 res
1161 393 1300 446 versaret

122 510 125 519 ·
164 477 333 616 {iiiiii}
353 454 418 596 tt}
437 457 1302 624 dffldldttettdffltffittt

163 623 235 680 tiam
253 617 381 678 fidelium
399 617 481 676 mabs
499 623 530 676 et
547 615 673 699 reprobis
691 617 854 680 benefaciat.
885 617 1017 680 Domum
1033 620 1207 702 Putipbaris
1226 623 1301 684 bene·

164 701 238 760 dixit
257 699 288 758 in
306 698 426 777 gratiam
444 693 556 776 loseph,
576 703 609 758 ut
626 697 701 758 illins
716 699 894 758 animemed
913 702 1301 779 pmestandambniesaneto

164 782 227 840 vire
252 778 456 854 humanitatem
480 777 615 838 flecteret.
658 775 752 860 Suum
775 787 843 858 erga
868 777 993 844 Panium
1017 781 1172 855 savorem,
1202 784 1300 842 multos

162 859 293 920 homines
311 856 451 918 smvando
470 853 638 931 incolumes,
655 863 774 925 testulus
792 865 836 918 est
854 864 887 918 ut
906 861 967 920 eins
986 861 1089 940 pietati
1109 863 1301 922 ιαιιιιοιιιιιι

163 939 308 1012 redderet,
335 943 369 997 ut
391 935 458 996 inde
481 935 651 998 elucesceret
669 934 815 1020 Evangelii
837 938 979 999 maiestas
1025 939 1187 1001 Cunerum
1211 949 1303 1002 tenne

163 1019 308 1094 convenit,
328 1035 515 1102 quaecunque
534 1015 616 1080 Deus
633 1017 728 1097 impiis
746 1001 881 1078 benedicis
898 1018 1029 1099 largitur,
1050 1021 1169 1080 tandem
1188 1022 1246 1080 illis
1260 1041 1303 1080 ee·

164 1100 232 1163 dere
254 1097 442 1169 inexilium,
470 1095 553 1156 sicuti
575 1115 688 1158 rursum
712 1095 842 1158 fidelibus
869 1098 952 1158 utiles
977 1105 1047 1160 snut
1071 1119 1203 1180 perenm
1233 1119 1303 1180 quas

164 1179 355 1240 communiter
382 1195 465 1244 cum,
477 1175 606 1257 reprobis
634 1176 785 1237 sustinent.
828 1175 939 1237 Interea
964 1179 986 1238 s'
1028 1179 1109 1240 ulare
1131 1179 1192 1240 boc
1217 1180 1303 1240 divini

163 1277 231 1338 erge
259 1277 313 1318 nus
342 1257 447 1316 umoris
470 1258 573 1336 pignus
591 1262 648 1330 est,
675 1255 757 1334 quod
785 1255 908 1317 anobis
933 1277 1005 1338 quas
1025 1278 1071 1318 em
1095 1257 1304 1322 tmeumnae
1346 1265 1347 1310 t

163 1358 232 1400 snae
250 1343 344 1418 guttas
363 1335 485 1398 detlnere
504 1335 540 1394 nd
559 1334 628 1396 alios
647 1334 725 1396 lecit.
859 1365 864 1374 =
1346 1331 1347 1344 ¹

242 1421 290 1479 25.
312 1416 406 1476 (trodo
424 1421 501 1474 enen
519 1417 595 1474 Deo.
634 1411 744 1476 lterum
762 1416 886 1478 inculcat
903 1415 1026 1491 Paulus,
1046 1417 1120 1478 unde
1139 1417 1196 1477 stri
1215 1424 1301 1478 tanta

163 1495 348 1567 sensenna,
377 1500 411 1552 ur
434 1493 574 1573 intrepide
597 1495 673 1556 ner
690 1495 962 1558 immanentes
981 1499 1099 1579 gnere
1118 1497 1158 1556 at
1178 1504 1303 1576 poem
1346 1483 1347 1514 ¹

162 1577 284 1636 affirmet
303 1592 402 1634 omnes
422 1579 567 1646 venturos,
587 1577 654 1654 quie
674 1576 781 1637 soiliom
797 1577 840 1635 ita
854 1579 985 1657 promisit
998 1576 1090 1636 Deus:
1109 1577 1222 1657 quibus
1237 1597 1305 1636 uer·
1346 1613 1347 1648 ,

162 1655 206 1714 bis
225 1654 395 1736 exprimitur
413 1651 481 1714 fidei
505 1659 615 1730 natura,
635 1654 705 1714 dnm
723 1657 857 1716 statuitur
875 1663 976 1716 mutua
993 1658 1067 1716 inter
1086 1657 1183 1737 ipsam
1201 1664 1234 1716 et
1247 1655 1305 1716 Dei
1346 1707 1347 1724 ,

163 1734 283 1796 verbum
311 1733 425 1808 relatio,
454 1739 488 1794 nt
516 1741 618 1794 contm
645 1737 833 1796 tentationum
858 1735 980 1796 instrltus
1010 1738 1121 1796 animos
1152 1743 1304 1796 sustentet.
1346 1785 1347 1788 ,

164 1807 318 1876 Coeterum
337 1833 396 1874 non
415 1814 509 1876 solum
529 1820 658 1876 vectores
682 1833 735 1874 sno
754 1833 836 1875 errem
858 1815 887 1876 lo
908 1815 946 1874 ad
964 1815 1140 1876 credendm
1160 1816 1305 1881 bortatur,
1346 1809 1347 1812 ¹

164 1897 214 1958 sed
234 1896 315 1977 qrraei
334 1894 480 1974 sponsoris
500 1901 594 1974 partes
613 1895 741 1974 suscipit,
760 1901 793 1954 ut
811 1835 898 1956 fidem
918 1895 1035 1956 omeulo
1049 1895 1194 1954 enuntiet
1214 1893 1304 1973 Quod
1346 1861 1347 1956 ¹

164 1997 234 2038 mox
253 1974 401 2034 subiicitur
420 1975 455 2032 de
474 1973 576 2046 insula,
595 1975 737 2053 posterius
756 1975 869 2053 signnm
887 1981 946 2048 est,
966 1974 1043 2035 unde
1062 1977 1305 2055 postremum
1346 2037 1347 2040 ,

164 2057 269 2118 clarius
292 2061 404 2133 patent,
426 2071 486 2114 nun
505 2051 593 2112 fuisse
612 2051 687 2114 banc
705 2055 842 2114 incertum
861 2056 1085 2134 navigationem:
1115 2054 1191 2119 alias
1210 2062 1304 2114 secte

162 2157 229 2198 rum
248 2134 319 2198 nibil
338 2136 473 2194 intererat
492 2129 622 2192 enatandi
641 2133 758 2194 modum
778 2135 858 2194 scire.
898 2133 1036 2194 Videmus
1055 2153 1143 2214 ergo,
1168 2139 1207 2194 ut
1224 2133 1303 2192 Deus
1346 2171 1347 2190 ι

165 2237 252 2297 qnam
273 2214 415 2298 pollicitus
434 2218 479 2274 est
497 2213 620 2274 salntem
633 2214 779 2293 insigniat,
799 2234 835 2276 ne
851 2213 968 2274 fortuita
981 2213 1071 2274 videri
1085 2215 1192 2293 possit.
1213 2213 1304 2272 Simul
1346 2209 1347 2258 l

144 2291 260 2358 'umen
279 2293 437 2362 nolendum
455 2301 515 2372 est,
533 2291 631 2352 Deum
649 2293 714 2352 illos
733 2299 829 2354 tenere
849 2313 1015 2374 suspensos:
1034 2296 1143 2373 purtim
1165 2300 1200 2352 ut
1219 2293 1302 2352 iidem
1346 2327 1347 2368 ι

162 2380 238 2438 servi
268 2380 312 2438 sui
337 2381 481 2448 exerceat,
510 2375 616 2455 partim
640 2379 673 2432 ut
697 2392 795 2434 omues
818 2381 974 2453 agnoscent
998 2372 1124 2432 Paulum
1149 2392 1167 2431 a
1194 2371 1301 2452 Spiritu

163 2464 262 2518 nancto
288 2457 431 2530 didicisse,
456 2455 534 2535 quod
558 2455 684 2514 bumnuu
705 2471 790 2512 sensu
808 2453 936 2517 nondrnn
955 2452 1162 2534 comprehendi
1181 2459 1301 2532 poterat.

162 2538 195 2598 ln
214 2540 277 2618 ipsu
298 2545 393 2600 tamen
411 2541 548 2598 contextu
568 2534 650 2596 docet
670 2531 777 2604 lineas,
801 2548 837 2592 ne
857 2533 1032 2611 sicquidem
1052 2532 1143 2592 luisse
1161 2533 1302 2592 creditum

161 2619 225 2679 eins
242 2617 344 2693 verbis.
370 2614 459 2692 Quod
477 2615 556 2676 enim
572 2613 712 2707 putabunt
730 2618 842 2686 nautae,
862 2612 1062 2692 sibiupparere
1073 2612 1201 2690 abqnsm
1211 2613 1301 2689 regio-

161 2717 229 2762 nem
247 2698 494 2770 mediterraneam,
514 2695 631 2752 minuua
651 2698 871 2753 consentancum
891 2699 952 2751 erut
970 2711 1038 2751 enm
1058 2692 1246 2771 promissione
1265 2691 1300 2748 de

162 2776 284 2856 appulsu
303 2777 332 2838 iu
352 2774 482 2854 insulam.
503 2771 641 2832 Videmus
661 2788 739 2851 crgo,
760 2779 792 2832 ut
811 2772 862 2831 vin
880 2771 998 2836 tandem
1016 2771 1191 2852 expedenda
1205 2771 1297 2830 eoacti

161 2855 313 2932 senserim,
340 2871 440 2912 verum
460 2853 572 2913 tlixbse.
1346 2859 1347 2914 l

192 2975 197 2982 -
241 2935 747 3016 un.1tanunei0qmmstes
790 2931 849 2992 lam
873 2931 929 2992 bac
953 2927 1295 3012 quoqncinparteeni·
1346 2927 1347 2992 l

163 3017 222 3078 tuit.
241 3016 271 3074 in
291 3013 381 3073 Puulu
402 3012 527 3093 Spiritus
550 3014 642 3076 saneti
661 3013 764 3093 gretia,
794 3011 872 3091 quod
893 3011 1049 3090 prudenter
1067 3009 1226 3082 admonuit,
1252 3027 1301 3067 re·
1346 3001 1347 3014 ¹

145 3095 402 3158 ¹trahendus-esse
427 3093 478 3153 al
514 3101 664 3159 annulae,
700 3091 760 3152 Gur
779 3094 933 3152 nonenim
954 3089 1093 3156 Centurio
1111 3093 1222 3170 potius,
1252 3087 1300 3147 rel

164 3178 239 3236 olins
256 3177 394 3255 quispiam
416 3193 433 3232 e
451 3179 499 3234 tur
553 3173 682 3234 fraudem
702 3171 808 3243 ollacit,
827 3172 880 3230 nisi
902 3177 933 3229 ut
953 3168 1061 3234 Patulus
1080 3169 1119 3228 ad
1136 3175 1303 3228 extrem

163 3277 255 3336 nsque
284 3255 456 3316 liberationis
486 3255 524 3314 sit
552 3253 698 3312 minister?
749 3251 808 3312 Sed
840 3253 944 3310 mirum
973 3255 1030 3324 est,
1065 3249 1145 3329 qnod
1173 3249 1304 3327 reliquos

162 3345 293 3398 vectores
313 3335 408 3394 solvus
427 3353 512 3412 posse
534 3332 598 3395 'steri
623 3339 721 3411 negat,
749 3332 804 3392 nisi
832 3331 954 3404 retentis,
977 3330 1086 3389 nautis:
1118 3331 1201 3410 qnasi
1231 3347 1306 3386 reru

58 3417 63 3422 '
162 3414 218 3476 Dei
239 3415 454 3496 prum'rsuenem
474 3413 619 3472 exinanire
637 3430 725 3492 penes
743 3413 821 3493 ipsos
840 3411 934 3470 luerit
968 3407 1158 3488 Respondes,
1180 3405 1306 3467 Paulum

163 3495 266 3557 binde
292 3493 419 3574 potentia
443 3489 500 3553 Dei
527 3492 654 3573 praecise
683 3511 743 3552 non
770 3491 813 3550 dis
834 3497 928 3565 utare,
957 3495 992 3547 ut
1019 3507 1085 3548 eam
1114 3488 1307 3548 avolantnte

163 3584 194 3638 et
211 3574 311 3635 mediis
330 3575 472 3652 suingeis
501 3577 532 3630 et
556 3579 632 3632 certe
651 3591 709 3630 nou
728 3570 793 3630 ideo
811 3511 942 3630 brunus
961 3569 1095 3628 virtutem
1116 3586 1203 3627 suem
1223 3566 1309 3627 Dru

163 3653 356 3727 commendat,
386 3659 419 3712 ιιι
447 3653 619 3730 contemptis
648 3650 747 3710 mediis
773 3649 883 3729 torpori
907 3655 938 3709 et
959 3647 1111 3708 socordiae
1135 3647 1309 3727 indulgeant

163 3737 211 3796 vel
239 3743 347 3794 temere
376 3751 408 3792 se
426 3732 591 3812 proliciunt,
620 3729 670 3790 ubi
698 3736 775 3790 certa
799 3737 842 3788 est
866 3727 985 3788 caven&
1005 3728 1088 3787 ratio.
1128 3725 1214 3788 Dens
1244 3725 1309 3786 llis·

164 3819 230 3878 ltine
255 3815 401 3894 pellicitus
425 3817 486 3870 erut
511 3811 642 3872 obsessae
666 3808 744 3868 urbis
764 3808 977 3868 liberationems
1010 3807 1159 3886 sipurtes
1180 3809 1311 3888 aper-nis

59 3939 62 3947 ι
164 3905 208 3956 set
226 3891 364 3965 hostibus,
385 3909 480 3950 onnon
495 3885 597 3950 lesuius
616 3891 711 3948 statim
731 3890 887 3961 clamasset,
905 3886 950 3946 Tu
969 3894 1000 3946 et
1017 3893 1047 3946 te
1066 3893 1099 3944 et
1118 3887 1227 3947 urbem
1247 3907 1310 3968 prr·

165 3977 228 4034 dis?
271 3971 372 4050 Neque
395 3977 499 4030 tumen·
521 3977 671 4050 propterea
691 3971 832 4048 sequitur,
855 3967 955 4028 mediis
974 3967 1021 4026 vel
1040 3965 1231 4026 adminierdis
1252 3968 1311 4025 alli-

164 4062 257 4185 pitam
277 4071 340 4112 esso
359 4049 416 4110 Dei
435 4067 560 4124 manum,
580 4048 629 4108 red
650 4065 739 4128 quum
754 4047 835 4112 Dens
854 4047 930 4108 burn
948 4046 996 4106 v‘sl
1014 4045 1099 4106 illum
1117 4047 1232 4128 agardi
1253 4065 1309 4106 rno

163 4130 379 4266 fflfflpppt,
404 4127 552 4189 bominum
575 4147 676 4192 sensu
694 4129 834 4206 continet,
858 4147 895 4190 ne
918 4126 1110 4209 praesentas
1134 4127 1200 4188 sibi
1219 4133 1313 4188 ructes
