2700 4844
509 206 636 268 carun
655 165 744 269 xvi
1046 227 1049 238 ι
1144 210 1201 276 sn

1 354 3 392 r
68 323 192 384 Paulus:
212 340 375 460 quaequam
395 321 471 384 enim
480 319 658 404 Se'ripturam
676 343 736 384 nou
755 321 946 397 reverebatur,
965 331 999 384 ut
1016 327 1067 406 pio
1087 322 1202 386 lromiue

1 437 3 466 ;
70 405 186 484 dignum
205 409 274 475 emt,
316 420 351 460 oc
371 406 465 460 tamen
485 421 501 461 a
520 403 642 496 pueritia
662 404 852 465 rudimentum
862 404 1018 479 imbiberat,
1038 410 1071 463 ut
1086 425 1198 484 persua-

1 520 3 532 ·
69 505 123 550 sus,
139 489 226 555 esset,
251 480 322 540 nihil
340 487 454 561 praeter
472 477 528 542 Der
548 482 665 559 oraculo
681 484 743 554 illie
762 485 908 544 contineri.
949 481 1198 562 Quemadmodum
1305 475 1312 494 ⁸

68 563 172 643 vulgus
191 562 353 634 hominnm,
378 561 487 620 etiamsi
506 583 609 643 niagno
631 582 678 622 ere
697 564 816 624 verbnm
837 561 893 624 Dei
912 585 970 626 non
991 571 1084 640 curet,
1103 566 1132 624 in
1152 585 1198 644 ge

67 661 137 702 nere
162 648 258 701 tamen
283 646 312 700 et
332 640 448 699 confuse
467 641 586 700 verbum
605 583 662 702 dei
682 664 743 705 esse
762 645 903 724 agnoseit,
928 651 962 703 ut
980 645 1081 704 saltem
1100 644 1198 724 religio
1234 681 1237 697 ι

67 720 217 802 prohibeat
237 719 284 778 vel
303 720 422 778 relicere
442 721 488 779 vel
509 721 660 800 despicere.

146 803 195 880 28.
214 804 356 880 Agrippa
374 807 471 858 aetem
491 803 532 860 cd
550 805 689 861 Paulum.
729 799 793 860 Hoc
813 802 912 862 saltem
933 802 1053 882 profecit
1072 803 1196 882 Aposto-
1272 823 1277 830 ‘

67 882 126 953 lus,
151 885 183 939 ut
202 880 407 938 contessionem
426 899 485 938 non
505 881 692 940 voluntariam
713 883 883 960 exprimeret
901 884 962 960 regi
980 882 1136 962 Agrippaet
1161 884 1196 940 si-

67 961 127 1019 cuti
146 977 271 1020 annuere
290 957 398 1030 solent,
418 960 471 1038 qui
486 961 598 1018 veritati
617 962 737 1040 amplius
757 962 885 1020 resistere
906 969 1058 1040 nequeunt,
1078 961 1125 1019 vel
1144 961 1196 1020 sal·

67 1048 126 1097 tem
145 1037 264 1117 aliquod
281 1037 347 1096 dare
366 1055 496 1097 assensus
517 1040 636 1120 siguum.
676 1039 822 1120 Significat
843 1040 958 1120 quidem
979 1039 1119 1120 Agrippa,
1139 1061 1198 1100 non

66 1119 187 1178 libenter
211 1118 271 1176 iore
296 1136 327 1176 se
348 1115 554 1190 Christianum,
585 1121 642 1176 imo
662 1118 723 1178 fieri
743 1120 833 1192 nolle,
863 1139 894 1178 se
915 1127 1009 1179 tamen
1030 1119 1196 1198 refragando

66 1217 129 1257 esse
149 1199 294 1276 imperem,
313 1195 363 1254 sed
380 1197 591 1282 quodammodo
604 1200 727 1280 inritum
743 1200 824 1258 trahi.
846 1199 928 1258 Unde
944 1207 1071 1280 apparet,
1084 1205 1198 1276 quanta

67 1279 105 1354 sit
125 1277 239 1336 humani
259 1276 360 1355 ingenii
380 1279 528 1356 pervieaia,
549 1277 639 1338 donec
648 1275 757 1359 Spiritu
768 1279 824 1338 Dei
843 1281 880 1339 ad
900 1279 1067 1360 obsequium
1086 1277 1196 1357 subibas-

66 1364 123 1415 tur.
166 1355 336 1414 Particulam
355 1354 386 1415 ἓν
408 1355 491 1433 ὀλίγῳ
513 1359 592 1417 varie
621 1367 770 1438 exponunt
802 1359 980 1438 interpretes.
1031 1357 1114 1416 Valla
1165 1377 1196 1415 u·

64 1436 137 1496 tavit
155 1438 197 1496 sie
214 1435 393 1506 vertendum,
411 1434 518 1496 Parum
537 1437 616 1498 abest
635 1441 704 1514 quie
720 1460 768 1500 me
790 1438 983 1500 Christianum
1002 1438 1098 1498 iacias.
1127 1378 1196 1496 lira·
1269 1441 1272 1452 ‘

65 1535 144 1574 smus
162 1515 292 1584 reddidit,
311 1513 423 1573 Medica
443 1522 588 1595 exparte.
627 1515 789 1596 Simplicius
808 1525 890 1578 retus
910 1520 1063 1598 interpres,
1083 1515 1116 1574 Iri
1136 1536 1196 1576 mo-
1245 1518 1247 1529 '

65 1595 144 1654 dieo:
165 1595 230 1672 quia
249 1593 349 1652 saltem
369 1593 488 1652 verbum
507 1593 595 1652 verbo
609 1595 734 1671 ,reddens
753 1597 873 1656 liberum
892 1598 1045 1656 lectoribus
1061 1595 1196 1654 iudicium

65 1675 202 1753 permisit.
242 1671 278 1730 Et
296 1672 430 1731 cortead
450 1679 562 1753 tempus
582 1674 730 1732 oomnrode
750 1682 844 1754 potest
862 1677 974 1749 reterri,
999 1677 1058 1735 acsi
1078 1676 1197 1738 eminet

65 1753 209 1831 Agrippa,
232 1750 337 1812 Statim
356 1751 403 1812 vet
423 1773 480 1814 uno
502 1759 646 1812 momento
666 1752 751 1814 facies
772 1773 817 1812 me
838 1753 1038 1822 Christianum.
1078 1753 1195 1832 Siquis

65 1833 198 1925 excipiat,
218 1850 275 1892 non
288 1831 429 1912 quadrare
438 1829 519 1892 Pauli
536 1852 713 1912 responsum,
732 1831 821 1890 saeilis
837 1838 879 1892 est
889 1832 1006 1891 solutio:
1027 1851 1196 1910 numqaum

64 1911 195 1990 arrrbrgua
216 1917 290 1970 esset
309 1912 338 1970 le
359 1913 457 1986 uutio,
478 1911 554 1992 quod
576 1913 611 1970 de
630 1917 758 1991 tempore
779 1911 886 1970 dicium
905 1917 980 1983 erat,
1000 1911 1070 1968 seite
1089 1908 1196 1970 Paulus

64 1992 99 2049 ad
121 2009 181 2050 rem
201 1991 296 2050 traxit.
337 1931 437 2068 ὃιιιιιιι
456 2012 524 2072 ergo
544 1990 857 2070 intelligeret-Agrippa,
877 2009 908 2050 se
928 1988 987 2048 fere
1003 1987 1196 2048 Christianum

64 2089 127 2130 esse
146 2071 252 2131 iactum
272 2071 374 2150 exiguo
394 2078 537 2154 tempore,
557 2069 675 2130 sultiseit
692 2069 800 2131 Paulus
820 2089 857 2128 se.
872 2088 989 2148 cupere,
1008 2075 1043 2140 ut¹
1062 2071 1121 2128 tam
1135 2069 1196 2148 ipse

65 2161 152 2230 quem
177 2151 294 2210 comites
318 2169 336 2210 a
355 2153 449 2230 parvis
475 2152 559 2210 initiis
581 2149 616 2208 ad
637 2151 756 2208 maiores
776 2169 829 2229 pro
863 2151 950 2207 essus'
961 2148 1195 2206 conscenderent:

63 2249 158 2309 neque
187 2238 281 2292 tamen
307 2229 435 2310 displicet
459 2229 489 2291 ἐν
507 2229 588 2304 ὀλίγῳ
611 2229 777 2304 tantundem
802 2247 837 2287 ra
851 2247 898 2287 ere
922 2246 956 2286 ae
1000 2227 1195 2306 ropemodum'.

62 2309 143 2369 llaee
162 2316 258 2369 autem
276 2310 424 2390 responsio
444 2311 521 2368 testis
541 2316 607 2380 est,
619 2316 729 2388 quanto
746 2307 962 2390 propagandae·
990 2307 1070 2364 hristi
1090 2307 1196 2386 glorias

62 2391 126 2448 zelo
145 2391 305 2471 flagraverit
324 2396 453 2450 sanetum
471 2391 526 2448 riri
546 2397 653 2467 peetus,
673 2389 741 2448 dum
761 2388 874 2456 ¹vincula
894 2385 947 2446 sibi
966 2405 983 2446 a
1004 2385 1135 2445 Procride
1152 2386 1194 2442 iu-

62 2471 134 2528 ieeta
149 2472 288 2550 patienter
302 2471 443 2530 sustineus
458 2489 524 2528 eum
539 2468 784 2548 eupitesitialibus
799 2467 902 2526 diaboli
917 2467 1025 2546 laqueis
1034 2465 1195 2551 exceptum,

27 2548 33 2562 “
61 2557 91 2608 et
120 2557 180 2608 tam
204 2551 297 2628 ipsum
323 2567 410 2627 quam
434 2549 505 2608 alios
529 2549 655 2607 ciusdem
679 2550 785 2628 gratiae
812 2553 957 2606 consortes
977 2565 1011 2607 ac
1031 2546 1122 2605 socios
1143 2537 1196 2603 sibi

62 2629 230 2707 adiungere,
254 2628 373 2688 molesta
397 2624 510 2688 iuterim
530 2634 559 2686 et
578 2629 716 2708 probrosa
736 2635 812 2688 sorte
832 2633 989 2706 contentus.
1029 2624 1196 2688 Notandum

61 2707 142 2785 quod
160 2727 218 2766 nou
236 2707 402 2788 simpliciter
421 2715 509 2790 optat,
529 2707 579 2768 sed
599 2728 615 2768 a
635 2707 710 2782 Deo,
729 2709 813 2770 sicuti
831 2709 893 2768 eius
913 2715 955 2767 est
973 2727 1026 2768 nos
1045 2704 1195 2768 additium

61 2786 188 2925 qrahere,
208 2788 347 2868 quiaflnisi
365 2789 441 2850 intus
462 2787 581 2848 docente
602 2790 661 2849 eius
680 2789 788 2870 Spiritu
809 2807 922 2871 semper
939 2787 1052 2869 [rigebit
1070 2786 1195 2848 exterior

82 2868 197 2929 octrina.
283 2887 286 2896 ⁴
596 2874 600 2884 ‘
1080 2911 1082 2916 .
1110 2877 1114 2888 ‘

141 2949 190 3008 29.
220 2949 358 3026 Exceptis
383 2951 517 3019 vinculis,
562 2947 681 3007 Certum
701 2953 758 3021 est,
782 2967 841 3007 nou
862 2955 925 3008 tam
944 2947 1014 3006 dura
1035 2946 1081 3006 vol
1101 2943 1193 3005 tristia

61 3026 148 3085 inisse
167 3023 258 3082 Paule
277 3043 329 3083 sua
349 3027 461 3084 vincula
480 3029 509 3082 in
530 3026 633 3104 quitus
653 3045 737 3104 saepe
756 3027 909 3104 gloriatur,
933 3033 963 3084 et
982 3044 1055 3104 qnae
1075 3023 1192 3082 honoris

62 3121 148 3162 eausa
167 3103 197 3161 in
222 3101 345 3160 medium
368 3103 491 3185 profert,
515 3109 651 3182 tanquam
674 3103 820 3182 legationis
846 3123 914 3162 suae
932 3105 1056 3180 insigne,
1080 3101 1129 3162 sed
1148 3119 1192 3160 ra·

60 3184 169 3242 tionem
190 3200 292 3242 cerum
316 3180 428 3254 habet,¹
441 3182 544 3260 quibus
561 3183 649 3258 fidem
669 3189 801 3261 precatur
820 3183 879 3244 sine
900 3181 1030 3242 molestia
1049 3187 1078 3240 et
1096 3199 1190 3240 eruce.

61 3261 137 3320 Nam
164 3263 214 3342 qui
233 3260 361 3320 nondum
380 3262 410 3320 in
431 3260 577 3320 Christum
597 3259 757 3336 credebant,
776 3262 860 3341 longe
880 3259 996 3323 aberant
1014 3259 1050 3320 ab
1070 3279 1104 3320 eo
1123 3259 1190 3326 alie

60 3349 124 3417 ctu,
144 3349 175 3402 ut
198 3360 252 3423 pro
270 3339 426 3422 Evangelio
451 3346 558 3400 certare
581 3343 672 3422 parati
693 3341 793 3402 terent.
839 3339 877 3400 Et
901 3346 977 3403 certe
1001 3339 1065 3420 pios
1091 3357 1189 3398 omnes

60 3422 116 3482 hae
140 3421 355 3482 mansuetudine
379 3421 521 3502 praeditos
544 3441 607 3480 esse
625 3424 772 3494 convenit,
796 3427 829 3480 ut
847 3439 961 3480 crucem
980 3437 1061 3478 suam
1079 3417 1190 3498 placide
1279 3424 1283 3434 ¹

59 3503 168 3577 lerant,
192 3504 262 3561 alios
286 3510 382 3562 autem
408 3503 524 3581 cupiant
549 3499 697 3566 commode
716 3519 816 3579 agere,
842 3506 872 3560 et
891 3505 1028 3580 quantum
1047 3500 1077 3556 in
1095 3517 1127 3556 se
1146 3503 1190 3558 est

59 3583 155 3642 leuare
184 3581 317 3644 studeant
346 3582 423 3642 omui
452 3581 595 3655 molestia,
624 3581 713 3660 quieti
736 3587 831 3642 autem
855 3579 903 3640 vel
926 3579 1048 3644 laetitiae
1072 3577 1188 3648 minime

60 3662 214 3722 invideant.
267 3661 346 3722 Haec
379 3662 539 3722 humanitas
572 3669 603 3722 et
636 3660 792 3720 moderatio
827 3659 862 3722 ab
894 3679 1009 3722 eorum,
1035 3657 1187 3718 acerbitate

60 3743 147 3819 louge
174 3747 283 3803 remota
311 3748 370 3817 est,
400 3743 450 3822 qui
478 3741 553 3806 mala
582 3761 633 3801 sna
662 3740 723 3804 aliis
752 3739 933 3830 impreeqndo
962 3738 1094 3804 solatium
1122 3735 1187 3800 inde

80 3827 170 3884 stunt.
988 3861 992 3872 .

59 3841 79 3901 p
139 3903 187 3964 31.
230 3903 277 3966 Lo
332 3902 438 3962 duntur
460 3909 538 3962 ister
561 3924 600 3962 se.
646 3899 733 3978 Quod
758 3898 921 3971 absolvitur,
932 3897 1039 3958 Paulus
1058 3895 1187 3957 omnium

60 3982 198 4038 sententia
227 3982 256 4038 in
278 3923 426 4060 Etiaugelii
454 4000 514 4054 nen
542 3981 659 4058 uulgare
689 3981 775 4048 decus
799 3983 889 4040 cessit.
913 3977 974 4038 ·Et
997 3977 1097 4036 Festus
1122 3973 1186 4034 reli,

59 4059 124 4140 quis
149 4061 302 4128 assentiens
327 4061 472 4140 seipsum
498 4061 624 4136 damnat,
648 4067 682 4122 nt
705 4061 756 4141 qui
780 4080 832 4120 sua
855 4060 1002 4139 iniquitate
1020 4057 1050 4122 in
1066 4075 1117 4134 eas
1137 4073 1185 4114 ³¹1·

60 4140 166 4218 gestias
194 4137 317 4200 Paulum
350 4141 534 4215 coniecerat,
555 4140 608 4200 suls
643 4143 737 4220 specie
765 4141 893 4214 mutandi
908 4140 982 4200 -looi
1007 4139 1068 4199 eius
1097 4135 1185 4218 vitam

60 4219 184 4284 hostium
223 4220 330 4280 insidiis
367 4219 521 4301 prodendo.
576 4219 699 4282 Tametsi
737 4228 832 4285 autem
873 4220 985 4280 ridetur
1018 4217 1183 4298 provocatio

61 4307 158 4370 sande
187 4301 263 4374 rire
277 4300 413 4372 damnosa
442 4319 517 4378 esse,
546 4303 613 4392 quia
641 4307 737 4372 tamen
765 4301 821 4382 hoe
849 4301 963 4370 unicum
987 4299 1029 4364 tlli
1051 4316 1069 4362 a
1092 4300 1184 4358 morte
1237 4335 1245 4346 -
