2786 4866
541 227 672 293 cartu
691 227 752 290 v11.
1159 235 1218 299 129

80 345 117 404 lis
138 345 199 404 eti
273 345 374 424 mortis
394 353 559 426 conspeetu.
606 344 694 425 Quod
714 341 814 424 Mosen
833 361 900 406 eum
919 344 1023 424 augeio
1042 349 1071 406 et
1090 345 1219 426 protana

80 426 170 485 inisse
210 423 267 500 ‘oit,
287 422 373 505 louge
393 423 504 484 diversa
524 433 567 485 est
587 427 668 488 ratio.
710 422 840 484 Patribus
859 423 935 484 enim
950 424 1043 496 affuit,
1060 429 1094 484 ut
1112 441 1144 485 se
1162 425 1219 486 iltis

79 505 185 564 duoem
203 523 243 564 ex
261 501 319 564 Dei
338 504 473 564 mandato
497 507 658 584 praeberet,
689 503 745 564 init
770 521 836 563 enm
860 503 961 586 angelo
981 510 1122 583 tanquam‘
1136 507 1218 566 mint

79 591 154 644 oter:
174 583 251 644 unde
324 583 403 643 uitur
422 603 483 644 non
502 585 615 664 privato
634 583 746 646 homini
764 582 869 645 saetam
888 584 977 644 tuisse
996 583 1137 658 iniuriam,
1167 585 1219 644 aed

79 602 421 744 gubernationiaedivinae,
441 663 556 744 quando
576 687 633 728 nou
654 662 771 738 obstitit,
790 663 940 742 utriusque
959 665 1126 738 reverentia,
1145 665 1219 744 quin
1325 657 1328 666 ’

78 743 205 824 populns
224 744 255 804 in
275 743 442 802 sceleratam
461 741 607 824 perfidiam
627 767 658 808 se
677 744 842 882 proriperet.
870 740 919 804 De
940 741 1043 823 angelo
1062 743 1125 802 iam·
1160 743 1218 802 rius

79 824 213 882 dixinrus.
253 819 312 882 Sed
331 823 512 904 participium
531 825 688 888 λαλοῦντος
707 842 754 882 arn
774 824 870 904 iguum
891 819 1111 883 senamuhabet.
1169 841 1218 882 am

79 903 129 961 vel
149 901 186 960 de
205 902 295 982 prima
316 904 425 963 visione
443 908 539 983 potest
559 899 691 980 intellip',
711 921 768 983 qua
788 909 907 962 vocatus
927 901 983 961 init
1001 899 1096 962 Moses
1116 899 1153 962 ad
1172 913 1217 962 r'e·

81 979 248 1042 dimendum
269 981 419 1062 populum,
448 981 495 1042 vel
518 981 554 1040 de
573 997 703 1040 sermone
723 1001 809 1062 quem
829 980 910 1044 Deus
929 999 997 1041 oum
1015 979 1097 1042 Mose
1116 979 1217 1042 habuit

82 1068 153 1142 post
171 1062 316 1120 traiectum
341 1080 419 1120 mare
443 1059 570 1120 rubrum.
621 1057 779 1136 Quoniam,
796 1067 893 1122 autem
923 1069 1047 1141 utroque
1071 1061 1158 1121 modo
1185 1075 1217 1120 ae
1326 1087 1330 1095 ·

84 1141 285 1222 redemptionis
302 1159 364 1202 esse
383 1147 530 1202 auctorem
549 1143 668 1200 testatam
687 1145 731 1199 est
751 1138 891 1214 Christus,
910 1159 970 1200 non
989 1139 1112 1200 multum
1131 1138 1232 1200 retert-

86 1227 185 1278 utrum
241 1221 248 1236 ¹
304 1221 401 1280 a‘imo
426 1219 495 1280 nihil
521 1217 642 1298 impedit
665 1220 819 1298 quominus
837 1221 874 1278 ad
894 1225 1048 1298 utrumqne
1067 1214 1216 1279 extendas.
1257 1221 1261 1229 '

86 1297 228 1380 Numqui
279 1301 321 1360 osi
339 1300 420 1381 loqui
438 1299 475 1362 ab
494 1299 575 1360 initio
595 1303 741 1378 coeperat,
772 1305 805 1358 ut
828 1317 894 1358 eum
915 1299 944 1358 in
964 1296 1008 1358 Ae
1068 1304 1132 1358 tam
1150 1297 1216 1366 mit·

84 1385 167 1452 teret,
188 1380 363 1440 continuavit
381 1385 480 1462 postea
499 1378 637 1440 sermonis
657 1379 702 1438 eni
720 1383 859 1454 tenorem,
884 1376 976 1437 donee
994 1397 1014 1458 p
1057 1382 1153 1437 ectum
1173 1395 1216 1437 ee·

81 1464 127 1518 aet
146 1478 228 1540 opus.

165 1543 225 1614 Qut
243 1546 369 1620 aamepit
388 1545 454 1599 otoo
474 1540 606 1598 ernardo.
645 1535 781 1598 Erasmus
801 1533 961 1604 unauna.
985 1533 1156 1596 &monem
1174 1534 1216 1594 vi·
1236 1579 1240 1592 .
1373 1539 1381 1556 ⁹

81 1637 167 1677 vum:
188 1617 238 1677 sed
258 1619 309 1698 qui
328 1617 437 1678 Graeoe
456 1623 571 1690 norunt,
590 1615 690 1676 melius
709 1617 797 1676 inisse
816 1635 834 1676 a
853 1635 900 1676 me
919 1615 1062 1676 redditum
1081 1611 1160 1694 qnod
1174 1611 1216 1672 di-

81 1699 123 1757 oit
137 1695 311 1778 Stephanus,
331 1704 493 1778 agnoseeut.
533 1694 607 1756 Nam
627 1697 656 1755 in
676 1696 799 1756 oraculis
817 1697 910 1755 maior
928 1714 1016 1774 quam
1035 1695 1065 1753 in
1085 1707 1217 1753 mamone
1324 1763 1330 1776 ¹

81 1778 158 1836 inest
181 1778 322 1837 maiestas.
372 1775 495 1836 Tantum
520 1775 555 1835 de
574 1793 645 1835 vooo
664 1775 782 1856 loquor,
812 1777 872 1835 seio
892 1775 968 1834 enim
988 1772 1135 1834 oraculum
1154 1787 1217 1832 esee

79 1857 221 1996 quioquid
241 1876 279 1917 ex
299 1875 349 1917 ore
367 1854 424 1916 Dei
449 1862 554 1916 manat
603 1852 696 1915 Porro
720 1855 766 1914 his
791 1854 885 1914 verbis
909 1853 1109 1912 auctoritatem
1127 1849 1216 1910 Mesia

101 1942 228 1998 neumae
248 1936 389 2009 consiliat,
409 1936 476 2015 quia
495 1934 566 1994 nihii
585 1936 614 1994 in
634 1933 760 1994 modium
780 1933 930 2016 protulerit
949 1933 1005 1991 uisi
1025 1950 1043 1990 a
1061 1929 1127 1990 Deo
1146 1949 1214 2010 pro·

79 2015 199 2076 fectum.
249 2015 332 2076 Unde
356 2017 486 2096 requitur
504 2033 564 2075 non
584 2021 643 2073 tam
661 2013 735 2073 Most
754 2033 843 2094 quarn
861 2012 927 2072 Deo
947 2013 977 2070 in
997 2009 1073 2070 illius
1092 2025 1215 2090 persona

78 2094 202 2156 rebelles
222 2093 309 2156 inisse
328 2095 461 2169 ludaeos,
491 2111 550 2175 quo
575 2094 664 2176 magis
684 2093 825 2174 detegitur
844 2093 937 2154 terrea
956 2108 1057 2149 eornm
1077 2085 1215 2168 improbi·

79 2183 135 2234 tus.
176 2173 228 2235 Est
247 2181 343 2236 autern
362 2173 433 2236 haee
452 2174 589 2256 generalis
607 2174 681 2233 ratio
700 2171 866 2234 sanciendae
886 2170 1042 2238 doetdnae,
1062 2185 1152 2246 ιιιιιιιιι
1164 2165 1216 2225 ho·
1239 2207 1241 2212 ,

78 2256 175 2314 mines
203 2254 273 2316 nihil
302 2255 418 2315 uadunt
442 2254 496 2314 nisi
521 2253 655 2313 divinitus
680 2252 732 2312 sihi
751 2251 927 2311 mandatum.
978 2245 1119 2326 Quisnam
1138 2245 1216 2306 enim

78 2335 232 2396 hominnm
252 2333 351 2396 Mosen
370 2334 424 2394 sibi
443 2339 616 2415 postponere
635 2331 761 2406 audebit,
779 2331 825 2390 oui
846 2329 903 2388 hoo
921 2333 1034 2388 tantum
1054 2326 1116 2385 iure
1135 2322 1216 2386 adhi·

78 2414 206 2474 bendum
225 2414 311 2476 fuisse
329 2413 416 2474 tidem
457 2413 603 2474 renuntiat
622 2409 761 2493 Spiritus,
782 2411 849 2492 quia
869 2405 1029 2469 doctrinam
1048 2423 1065 2465 a
1085 2401 1151 2465 Deo
1170 2421 1215 2463 ae-
1310 2430 1313 2438 *
1342 2462 1346 2472 ,

80 2501 199 2573 ceptam
217 2493 336 2555 fideliter
354 2513 413 2576 pop
445 2491 664 2574 oexposueritt
703 2490 762 2552 Sed
787 2490 949 2570 quaeritur,
978 2505 1031 2548 eor
1050 2483 1157 2565 Legem
1174 2489 1216 2544 sa

80 2593 154 2631 num
173 2593 329 2636 mosen
352 2573 484 2656 appellet.
534 2571 655 2632 Videtur
682 2573 758 2631 enim
781 2571 898 2630 minime
922 2568 979 2628 hoo
1001 2565 1126 2647 elogium
1146 2580 1213 2628 ema

79 2649 170 2711 Pauli
188 2651 278 2712 verbis
296 2671 466 2734 eongruere,
494 2651 544 2712 ubi
563 2649 668 2732 Legem
687 2652 755 2712 dieit
775 2669 838 2710 esse
857 2647 1044 2709 ministerium
1064 2643 1164 2703 mortis
1182 2645 1217 2702 et

79 2733 157 2791 iram
177 2732 295 2814 operari,
314 2739 345 2794 et
364 2734 472 2814 peoeati
491 2751 553 2792 esse
571 2733 705 2791 virtutem
724 2729 771 2806 (ΙΙ.
793 2728 861 2789 Cor.
881 2731 910 2802 3,
929 2727 981 2806 7.).
1021 2721 1054 2787 Si
1073 2723 1215 2803 intelligas

78 2809 192 2870 Vivum
211 2831 386 2888 sermonem,
456 2813 464 2828 ⁶
484 2813 521 2872 sit
539 2810 657 2882 eitieax,
682 2816 712 2869 et
730 2809 782 2889 qui
800 2808 950 2868 homiuum
969 2810 1081 2866 conten
1102 2809 1135 2862 tn
1154 2802 1229 2860 imi--

78 2895 129 2952 tus
150 2887 212 2950 deri
230 2898 362 2972 nequeat,
381 2831 465 2951 undu:
479 2893 535 2952 erit
552 2890 751 2974 repugnantia:
772 2889 822 2950 sed
842 2903 905 2970 ego·
916 2886 1008 2946 notive
1026 2903 1081 2966 pro
1119 2879 1219 2942 ivitioo

77 2969 210 3051 positum
229 2971 409 3050 interpretor.
448 2968 522 3030 Nam
542 2967 701 3050 quumlex
720 2969 767 3049 pie
786 2975 941 3047 unumque
959 2963 1074 3024 vivendi
1126 2961 1216 3022 riaeta

77 3051 120 3109 nit
139 3049 238 3130 regula
257 3055 287 3111 et
305 3051 440 3110 iustitiam
460 3049 516 3110 Dei
536 3049 683 3120 ostendat,
702 3047 804 3107 merito
824 3047 901 3106 vitae
920 3050 950 3104 et
969 3043 1067 3104 salutis
1107 3040 1215 3100 ootrina

77 3135 222 3192 censetur.
262 3128 331 3210 Quo
350 3131 473 3211 pertinet
492 3129 616 3204 solennis
635 3127 683 3186 ilia
702 3123 789 3186 Musis
809 3123 992 3198 molestatio,
1011 3121 1082 3180 dum
1100 3119 1216 3178 eoelum
1279 3123 1282 3134 '

77 3215 111 3269 et
139 3215 246 3270 terram
275 3211 399 3283 adiurat,
428 3210 508 3290 quod
531 3206 712 3290 proposuerit
734 3206 811 3264 viam
834 3205 909 3262 vitae
933 3200 1095 3260 etmortis.
1146 3195 1234 3332 (quo
1286 3203 1289 3210 '

78 3305 168 3348 seusu
186 3291 272 3349 etiam
290 3287 446 3350 Ezechielis
465 3307 527 3368 cap.
548 3291 596 3349 20.
617 3285 804 3364 conqueritur
822 3281 918 3355 Deus,
938 3277 1044 3360 Iegem
1062 3293 1154 3370 auam·
1185 3293 1215 3340 o·

79 3385 152 3426 uani
169 3368 305 3429 violatam
324 3363 399 3444 esse,
450 3387 531 3428 raeoe
550 3373 579 3426 ta
600 3383 652 3424 sua
671 3362 746 3422 bona
766 3363 802 3422 de
822 3360 926 3456 quibus
946 3359 1065 3430 dixerat,
1095 3352 1156 3432 Qui
1175 3352 1216 3412 ie·

79 3447 156 3506 uer-it
174 3445 259 3523 haee,
279 3450 357 3510 vivet
375 3449 405 3510 in
425 3387 489 3508 rius.
609 3447 618 3504 i
639 3445 697 3503 ‘tur
715 3443 745 3501 in
765 3461 795 3501 se
818 3447 903 3500 vitam
924 3439 1058 3498 eontinet.
1098 3433 1132 3492 Si
1151 3433 1217 3512 qads

79 3533 180 3608 tamen
199 3535 265 3588 υἰυα
284 3529 464 3610 interpretari
482 3525 572 3599 malit,
601 3529 628 3586 et
650 3522 745 3584 caoiae
764 3527 792 3580 et
812 3519 926 3579 virtutis
945 3518 1038 3598 piena,
1064 3511 1216 3608 vehemep·

80 3606 141 3666 tiue
169 3627 229 3668 non
259 3609 437 3668 contendam.
487 3605 576 3684 Quod
595 3609 691 3664 autem
710 3601 897 3662 Ministerium
916 3597 1015 3658 mortis
1041 3593 1156 3665 dieitur,
1185 3589 1216 3650 rd

80 3685 126 3744 iiii
154 3686 326 3748 aoeidentale
356 3693 399 3748 est
423 3693 542 3768 propter
567 3691 730 3766 corruptam
750 3681 900 3741 hominum
922 3682 1063 3744 uatmm.
1113 3669 1216 3732 Peoea·

82 3769 147 3824 tnm
165 3767 243 3827 enim
261 3769 322 3848 ipsa
342 3787 401 3827 nou
421 3772 545 3847 generat,
565 3765 616 3825 sed
635 3764 743 3824 invenit
762 3763 791 3822 in
811 3757 902 3820 nobis.
942 3753 1039 3850 Vitam
1054 3751 1147 3825 offert,
1167 3747 1217 3810 aed

81 3861 155 3915 naa,
173 3848 240 3926 qnia
260 3848 355 3908 vitiosi
375 3867 489 3920 sumus,
508 3845 578 3908 nihil
598 3863 685 3924 quam
704 3849 825 3902 mortem
845 3838 952 3899 reterre
971 3833 1037 3894 mde
1055 3847 1216 3926 possumus.

80 3921 184 4000 ltaque
202 3928 315 3988 nonnisi
334 3926 481 3988 hominum
507 3931 638 4006 respectu
662 3921 808 3982 mortifera
833 3925 886 3980 est.
937 3911 1111 3992 Quanquam
1134 3909 1218 3969 altrea

80 4003 210 4100 respexit
240 4005 297 4066 hoe
324 4008 388 4067 loeo
412 4005 588 4088 Stephanus:
618 4021 712 4082 neque
736 3995 813 4062 eniin
837 4000 873 4060 de
896 3997 980 4089 nodia
998 3989 1157 4086 praeseptis
1175 3981 1218 4048 lo·

82 4087 198 4163 quatur,
228 4083 279 4144 aed
304 4091 393 4145 totam
413 4085 500 4146 Mosis
526 4084 682 4145 doctrinam
707 4075 935 4158 comprehendit:
965 4092 996 4132 ua
1016 4089 1074 4166 qua
1091 4069 1217 4164 iudaeae

82 4167 153 4222 sunt
172 4165 312 4244 gratuitae
330 4166 541 4246 promissiones,
571 4170 657 4244 atque
676 4161 749 4222 adeo
768 4159 901 4220 Christus
924 4156 998 4236 ipse,
1025 4161 1111 4215 umet
1127 4149 1217 4208 honar-

81 4261 153 4301 nmn
173 4244 242 4338 'vita
270 4250 300 4303 et
329 4245 414 4305 salua.
453 4244 590 4306 Memoria
614 4241 769 4336 tenendum
788 4245 842 4310 eat,
867 4227 1218 4332 quibuscum-homiuibus

82 4311 1091 4540 suusuuusu,usuusuguuu
1109 4323 1219 4447 uu

120 4496 230 4541 t'airinaa
242 4496 266 4540 ia
279 4499 335 4543 trev.
349 4501 409 4550 aare
423 4501 484 4546 2⁸01.
499 4499 536 4542 Νι
1222 4513 1226 4529 .
