2742 4856
534 227 664 294 GAPUT
678 227 761 294 xus
1132 243 1191 309 259

76 389 81 400 .
154 347 199 410 49.
216 343 437 426 mulgetur*
454 365 548 406 oerruo
566 349 690 410 Domini
718 344 774 408 ffic
792 365 974 430 pragam
983 347 1129 434 Evangelii
1147 375 1191 418 re·

78 427 133 490 lert
155 423 256 486 lucas:
280 424 312 486 iu
335 440 394 504 quo
418 432 535 506 apparet
557 445 731 508 quamvera
748 429 787 490 eit
805 425 910 490 Christi
949 431 1076 508 embola,
1099 455 1190 516 quum

77 508 210 568 termento
227 503 319 565 simile
336 521 398 565 esse
416 504 485 564 dicit
502 501 583 581 (Luc.
604 509 652 580 13,
671 507 741 586 tl).
774 505 869 589 Supra
887 451 1037 572 telumue
1054 532 1190 595 maguum

77 587 160 648 inisse
176 584 274 668 populi
293 602 472 658 concursum,
491 591 524 644 ut
542 605 594 665 per
612 592 703 648 totam
721 583 820 648 urbem
838 606 970 669 spartum
987 609 1072 655 verse
1085 593 1188 656 ductri-
1231 627 1235 636 =

75 685 129 806 nep¹
149 685 242 728 semen
266 664 363 724 luerit:
386 681 463 724 nunc
481 663 550 724 dicit
567 663 660 728 Lucas
677 665 760 728 latius
779 666 912 747 diffusum
930 689 1006 747 esse,
1030 692 1082 754 per
1098 679 1188 738 totam

73 747 109 804 sc'
122 746 175 806 'cet
239 746 342 804 ‘onem

146 826 193 888 50.
231 831 327 884 nterea
350 828 566 899 commemorat,
590 843 647 886 uon
672 826 732 886 eina
756 825 858 888 sudore
882 835 912 889 et
930 829 1058 892 molestia
1076 831 1106 892 id
1124 851 1188 896 ease
1243 893 1245 902 ,

72 903 184 964 iactum.
225 901 314 964 Laeta
337 903 422 983 igitur
444 910 475 964 et
497 905 638 986 suspicata
661 905 776 966 inerunt
799 907 915 968 exordia
939 911 1095 974 vocationis
1119 933 1186 992 gen·

72 985 155 1058 tium,
182 1003 235 1044 nec
258 983 350 1063 putuit
373 981 461 1044 Satan
484 1001 599 1044 cursum
622 985 729 1065 gratiae
747 983 802 1046 Dei
827 987 976 1068 impedirer
1004 991 1055 1050 sed
1068 991 1186 1054 iuterim

71 1061 188 1123 Paulum
211 1070 240 1124 et
263 1061 433 1135 Bar-naham,
484 1083 536 1123 uos
559 1061 640 1123 Deua
667 1063 787 1126 athletas
811 1067 839 1126 in
863 1086 977 1128 arenam
1002 1069 1186 1151 produxerat,

70 1148 176 1202 certare
198 1144 330 1225 oportuit.
369 1081 533 1203 Noranlnn
556 1149 601 1202 est
618 1149 714 1204 autem
732 1145 811 1224 quud
830 1145 900 1208 dicit
915 1145 1022 1224 Lucas,
1050 1153 1185 1212 mutieres

70 1221 210 1304 religiosas
229 1229 260 1282 et
278 1221 410 1284 hormiae
433 1240 500 1282 cum
518 1222 688 1302 primoribus
707 1225 783 1284 urbis
800 1225 937 1306 impulsam
955 1247 1017 1290 ease
1035 1229 1071 1289 ad
1090 1249 1184 1310 peme-

70 1302 192 1378 queudos
211 1301 318 1364 Christi
336 1321 443 1362 maros.
471 1299 537 1362 ruit
556 1303 632 1364 enim
650 1301 706 1362 lroc
724 1322 783 1364 non
801 1304 865 1365 leve
883 1307 1047 1368 scandalum
1065 1309 1183 1370 rudibus

68 1387 98 1440 et
120 1383 167 1462 qui
191 1383 310 1442 vixdum
327 1382 359 1442 in
378 1381 493 1442 Christo
516 1383 602 1462 geniti
626 1388 721 1456 eruut,
744 1403 834 1464 quum
854 1385 982 1446 viderent
1000 1385 1115 1450 Christo
1134 1389 1183 1452 ad·
1221 1393 1223 1408 '

66 1479 175 1522 versum
192 1479 270 1538 esse,
294 1459 430 1543 quiequid
453 1462 580 1522 virorum
598 1466 629 1522 et
647 1461 798 1526 mulierum
817 1465 847 1524 in
866 1465 958 1545 pretio
977 1463 1134 1530 habebatur
1151 1475 1184 1530 ct

64 1539 143 1600 lauda
162 1543 279 1623 dignum
293 1549 359 1604 'erat
376 1539 530 1602 emendum
548 1540 684 1602 homiues.
704 1541 805 1623 Magna
825 1546 923 1625 populi
941 1543 1025 1606 turba
1035 1545 1183 1610 Christum

63 1621 293 1762 :ttt{²‘’·“⁶
311 1620 443 1760 mlii*
461 1619 769 1762 ''ilmidrlffli'l
784 1621 1030 1764 qiilffifli‘rl?
1048 1627 1181 1764 ΜΓ

62 1799 112 1858 gus
129 1721 395 1844 lacdlnglblurleltallrt
409 1719 604 1860 msqqrpwpam
622 1798 752 1874 quoque,
770 1721 829 1840 {3⁰
848 1723 976 1842 olidam
994 1726 1112 1844 mqrdqrpe
1118 1727 1181 1846 epo:

62 1861 175 1923 aduam
195 1867 318 1944 poterat,
336 1859 497 2000 quodpiam
515 1859 546 1920 iu
564 1865 736 1940 speciemet
744 1855 878 1924 honmtae
886 1868 1032 1923 mamonae
1045 1865 1180 1927 adversar

60 1957 121 2000 eam
144 1941 263 2002 iniectae
287 1949 376 2002 eraut.
445 1941 452 1956 ⁸

58 2037 190 2100 nequam,
208 2021 341 2102 improbi,
359 2025 390 2082 et
407 2021 550 2102 flagitiosi,
567 2020 593 2080 si
611 2025 770 2081 scortorum
788 2038 886 2101 greges
904 2039 922 2081 a
940 2020 1072 2100 lupanari
1086 2041 1179 2080 erum·
1239 2065 1243 2074 .

57 2109 164 2178 pereat,
182 2101 295 2162 nullum
313 2105 387 2162 esset
404 2098 551 2181 Evangelii
569 2098 699 2174 dedecus,
717 2099 788 2181 quin
806 2099 901 2182 potins
919 2099 985 2159 inde
1004 2099 1107 2160 clarior
1121 2099 1179 2160 elu-

56 2187 179 2276 ltesceret
202 2183 263 2278 eins
287 2181 422 2262 dignitas,
447 2198 540 2318 munch
562 2178 612 2238 uid
629 2185 726 2316 pptest
743 2182 841 2274 uenire
858 2178 977 2276 ipl'mmis
994 2179 1179 2320 inDppentam⁴3

53 2259 562 2420 iffilff'riilllini
585 2277 1005 2420 calaminum&
1023 2345 1054 2400 n
1071 2277 1179 2402 affui

443 1961 454 1999 r
476 1941 654 2021 insurgerent
677 1957 695 1998 e
712 1938 809 2000 lustris
827 1939 875 2030 vql
894 1941 1031 2020 cauponis
1050 1941 1181 2002 homines

52 2425 147 2496 erant,
171 2437 190 2479 a
208 2417 335 2478 Domino
358 2417 535 2492 confirmari,
561 2436 600 2478 ue
617 2416 689 2478 fides
708 2437 808 2480 eorum
826 2417 993 2495 labasceret,
1023 2418 1072 2480 sed
1092 2419 1179 2478 etiam
1310 2490 1315 2496 ¹

50 2517 169 2558 manum
190 2494 282 2558 Paulo
299 2504 329 2558 ct
346 2496 492 2558 Barnabae
549 2499 587 2558 rri
607 2498 630 2574 i,
653 2517 691 2558 ue
708 2497 791 2558 tracti
810 2497 984 2562 desisterent.
1025 2497 1177 2560 Caeterum

48 2576 106 2638 hoc
126 2595 211 2638 exem
232 2577 261 2636 lo
284 2597 337 2637 nor
357 2577 508 2638 doceri'vu
521 2579 563 2638 uit
610 2597 677 2654 eus,
700 2578 814 2640 sortiter
829 2579 1014 2640 rmieleudum
1033 2599 1096 2642 esse
1114 2577 1176 2638 tali-

48 2658 104 2716 bus
124 2597 316 2730 offenrlcurn,
340 2663 370 2717 et
388 2657 545 2717 cavendum
563 2677 600 2718 na
619 2658 716 2718 inanes
735 2659 871 2720 virtutem
889 2659 986 2725 larvae
1005 2659 1105 2722 oculus
1123 2678 1176 2718 no-
1202 2677 1206 2696 ¹
1227 2697 1233 2702 -

49 2735 93 2796 bis
113 2738 338 2818 praestringunt,
366 2756 403 2796 ne
423 2736 530 2798 Christi
549 2736 668 2818 gloriam
692 2737 722 2798 in
746 2735 901 2819 Evangelio
923 2739 1097 2802 relucmiem
1116 2757 1176 2799 cer·

47 2835 158 2877 namus.
204 2815 349 2898 Quicquid
371 2817 447 2876 euim
470 2818 608 2878 virtuhrm
632 2815 839 2880 ethonestatis
861 2821 892 2878 in
915 2817 1076 2880 hominibus
1104 2817 1176 2901 fingi

48 2903 158 2978 puteat,
186 2915 295 2960 meram
318 2896 482 2978 hypocrisin
505 2915 569 2958 eres
593 2903 704 2958 certum
728 2903 789 2972 est,
816 2897 865 2958 nbi
888 2917 919 2959 sa
944 2897 1059 2960 Christo
1084 2919 1174 2981 oppo-

48 2983 129 3040 nunt
174 2974 348 3056 Quanquam
371 2975 436 3036 fieri
458 2983 554 3057 puteat
571 2982 618 3052 nt,
646 2979 697 3072 qui
716 2977 752 3036 ad
770 2984 883 3057 tempus
901 2979 1106 3040 inconsiderate
1124 2978 1173 3040 ad·

47 3075 147 3118 verens
166 3055 313 3117 Clariatnm
327 3055 470 3124 ¹feruntur,
489 3063 589 3137 postea
606 3056 786 3136 resipiscant,
805 3057 986 3118 statuendum
1004 3065 1100 3118 tamen
1119 3065 1173 3134 est,

47 3156 160 3216 quacun
203 3155 220 3198 e
238 3137 394 3196 unalitatis
411 3135 505 3216 specie
523 3135 657 3216 fulgeant,
675 3134 726 3215 qni
744 3135 879 3195 reeistnnt
896 3133 1061 3215 Evangelio,
1079 3156 1174 3218 neque

47 3217 139 3278 solido
189 3217 337 3277 eitimore
355 3234 418 3276 ease
437 3215 592 3295 praeditos,
615 3231 670 3274 neo
688 3213 765 3274 aliud
890 3214 1020 3276 fallacem
1039 3213 1171 3276 umbram

125 3295 265 3458 sino
283 3295 595 3356 u
618 3311 787 3469 non,
845 3291 1198 3355 ¹

262 3415 272 3448 9

45 3455 312 3619 wiligildo.
351 3531 454 3613 Qualis
478 3550 548 3594 vero
572 3531 671 3614 religio
694 3549 756 3594 esre
780 3533 888 3613 potnit,
917 3529 967 3594 ubi
989 3530 1069 3594 nulla
1091 3519 1173 3594 verli

44 3613 100 3676 Dei
127 3617 289 3681 reverentia
319 3615 397 3676 erat?
445 3610 608 3674 Notandum
637 3619 695 3688 eat,
725 3617 848 3692 quatuor
871 3629 933 3675 esee
954 3611 1103 3674 hominum
1122 3632 1170 3694 ge·

44 3713 126 3758 uera:
156 3699 233 3760 sicut
251 3714 371 3756 numero
389 3694 473 3776 pauci
491 3698 573 3766 suut,
591 3693 642 3774 qui
660 3694 769 3754 sincera
787 3699 874 3754 etex
891 3693 987 3753 animo
1005 3689 1103 3754 Deum
1122 3711 1171 3753 eo·

44 3776 119 3853 tant,
142 3779 185 3840 iia
204 3777 287 3860 pauci
305 3781 374 3836 sunt
392 3775 443 3855 qui
460 3780 591 3856 apertum
609 3790 792 3853 massamque
810 3773 871 3832 eim
890 3779 1085 3854 contemptum
1103 3791 1169 3854 pro-
1220 3788 1226 3813 ⁴

44 3855 189 3919 fiteantur.
232 3855 278 3916 llli
300 3855 357 3916 iam
383 3853 441 3914 duo
459 3859 527 3914 suut
546 3852 667 3914 ordines.
706 3851 798 3914 Maior
816 3857 913 3913 autem
931 3871 998 3933 pars
1016 3870 1070 3910 aec
1088 3871 1168 3933 pror·

44 3933 591 4095 tttlt'tttltnottt‘
609 3933 987 4074 tittfftttttt
1006 3929 1169 4071 ”titt

45 4114 116 4156 vum
141 4069 353 4167 examinentur,
381 4083 563 4152 nihilominus
581 4033 691 4173 {Iratum
710 4098 789 4152 sunt:
818 4091 941 4172 qualiter
959 4053 1043 4152 ho’die
1062 4090 1166 4152 multo-

43 4183 110 4234 rum
136 4175 269 4256 impietas
296 4171 350 4234 sub
372 4173 539 4233 ceremoniis
561 4178 591 4231 et
612 4171 707 4232 incrta
730 4173 822 4231 cultuo
845 4169 902 4231 Dei
923 4171 1097 4311 professione
1123 4175 1168 4231 nt·

44 4273 161 4334 cunque
189 4255 302 4336 regitur.
350 4251 393 4312 lta
425 4253 543 4348 saeculis
572 4251 702 4348 omnique
729 4253 916 4348 exqtiterqut·
946 4251 1081 4348 iotrieqici
1103 4248 1167 4348 'Dei

40 4333 185 4497 ror
209 4338 416 4500 aanor
432 4331 1167 4512 ”ow
