2792 4856
564 275 739 342 GAPU'l'l.
800 290 805 304 ·
895 265 900 271 ’
1196 287 1217 349 5

76 401 117 454 et
138 395 258 476 primum
278 391 397 475 quidem
417 391 557 470 admonet,
577 393 679 471 teroem,
704 411 762 476 qua
780 393 862 454 initio
883 391 977 456 donatl
993 395 1105 459 inerant
1123 395 1214 460 homi·

78 493 148 549 nes,
166 495 224 534 nou
243 493 307 534 osse
326 493 366 534 ex
385 474 522 554 praesenti
542 493 644 535 eorum
663 479 739 535 statu
752 473 970 535 aestimandam:
1028 479 1055 537 'a
1067 477 1214 541 inlusori-

78 556 154 614 tiata
173 561 203 616 et
221 553 364 635 degenere
384 558 481 613 natura
499 552 553 614 lux
570 555 601 615 in
620 551 750 616 tenebras
767 569 850 614 versa
866 553 960 614 inerit
1030 562 1105 618 tues
1117 565 1214 620 umus

76 639 172 716 negat
189 654 311 718 prorsus
325 633 490 694 ueneram
504 651 566 694 esse
579 633 778 716 intelligentiae
792 633 899 694 luoem:
940 633 988 692 uia
997 633 1027 693 in
1036 634 1151 698 obseura
1160 637 1212 698 lrn·

75 733 187 775 manae
206 715 315 775 mentis
331 712 443 794 ealigim
457 712 550 774 adhue
578 713 697 775 uaedam
706 713 825 795 fulgoris
838 713 919 774 soin'
959 713 1112 776 eemieanl.
1129 715 1213 780 Nune

74 794 251 876 intelligunt
269 794 388 856 lectores
407 791 463 854 dno
482 813 544 856 esse
558 734 648 854 luins
666 796 821 854 sententiae
840 791 977 854 membra.
1007 813 1078 854 nam
1094 795 1213 858 multum

74 873 194 934 distare
213 893 295 934 nuno
312 873 436 934 homines
456 873 524 934 dieit
542 873 578 934 ab
597 875 707 956 integra
730 873 778 935 illa
797 880 898 934 natura
918 891 977 955 qua
996 873 1080 934 initio
1119 875 1215 936 raediti

9 961 10 966 ’
71 954 218 1016 inerant:
237 961 356 1014 mentem
375 955 449 1014 eninr
468 974 569 1016 eorum
588 973 663 1035 quae
681 953 775 1016 lueida
790 955 1078 1036 omnioxpsrteesse
1108 951 1215 1030 obelet.

9 1061 10 1114 g
71 1031 215 1094 tenebris
231 1035 386 1094 inmensam
404 1035 506 1096 misere
526 1035 675 1096 ooeoutire.
694 1036 792 1116 itaque
806 1033 923 1117 gloriam
935 1032 1042 1094 Christi
1053 1033 1086 1094 in
1100 1032 1157 1094 hae
1168 1051 1218 1098 ne·

9 1143 10 1190 3
72 1119 172 1172 turae
200 1115 375 1195 eon-optione
404 1133 466 1174 esee
495 1115 577 1195 quasi
601 1113 822 1178 obtenebratam.
872 1111 931 1174 Sed
953 1131 1052 1173 rursus
1070 1112 1219 1173 oontendit

9 1211 10 1232 ι
71 1189 265 1274 Evangelista
283 1194 314 1253 in
332 1193 431 1254 mediis
451 1194 574 1256 tenebris
593 1193 687 1256 adlruo
706 1195 843 1276 quasdam
860 1201 972 1272 exstare
985 1193 1056 1254 lueis
1070 1192 1216 1273 reliquias,

70 1291 159 1410 {nae
180 1271 302 1334 divirsam
322 1272 429 1334 Christi
446 1276 582 1336 virtutem
601 1275 780 1356 aliquatenus
798 1275 959 1336 ostendant.
1007 1270 1084 1353 Ergo
1108 1271 1216 1333 letetur

104 1369 165 1410 van

72 1351 1215 1512 aare‘tsstatttttttttt'uttttitrt”aalma

72 1510 130 1570 vel
148 1511 331 1593 caliginosam
341 1533 412 1592 ‘esse
427 1515 535 1575 luoom:
554 1515 605 1576 aed
619 1516 722 1578 elarius
736 1535 774 1575 ex
795 1515 897 1574 rimare
905 1512 998 1574 voluit
1012 1531 1099 1593 quem
1113 1511 1215 1572 misere

73 1591 117 1650 ait
158 1597 203 1652 ost
220 1594 305 1731 primi
324 1593 447 1656 hominis
469 1595 583 1690 lupennr
601 1601 698 1656 nostra
717 1535 850 1656 conditio.
881 1591 971 1734 Ypod
990 1611 1060 1654 vero
1073 1591 1215 1672 luoemin

164 1671 202 1731 ria
219 1691 318 1744 ¹neore
337 1673 469 1749 affirmat,
489 1673 519 1734 rd
539 1673 576 1735 ad
594 1682 712 1736 naturae
728 1681 878 1756 our-ruptae
922 1672 1008 1734 udeur
1020 1673 1136 1732 minime
1202 1703 1214 1718 ·

75 1749 160 1825 linet,
179 1749 232 1810 sed
250 1754 347 1834 polius
367 1754 403 1814 ad
420 1753 581 1815 tollendum
600 1756 775 1838 ignorantiae
786 1759 985 1851 ¹praeteritum.
1024 1753 1096 1816 ΕΗ
1191 1829 1198 1846 ⁸

70 1833 925 1994 §iswamsi‘pli'liiiirsiffilm‘ld‘rlii
942 1833 1018 1988 itt-‘³
1079 1828 1216 1970 titt:

9 2025 10 2054 r
68 1985 265 2068 Evangeliata
277 1991 359 2050 nullo
374 1992 507 2071 proiectu
521 1991 578 2052 hoe
591 2003 653 2054 esse
667 1995 784 2070 ledum,
804 1995 871 2074 qnia
881 1991 1074 2053 videndonon
1082 1987 1214 2050 viderint.

9 2059 11 2202 Ι
64 2065 127 2126 Ex
149 2085 211 2144 quo
230 2069 307 2126 enini
326 2070 463 2128 alienatus
481 2071 538 2162 luit
553 2071 680 2163 ‘lromoa
692 2071 770 2164 lieo,
787 2074 829 2131 sio
842 2071 1001 2166 ignorantia
1013 2075 1140 2162 mentem
1153 2067 1215 2127 eins

9 2213 11 2288 ι
67 2147 1217 2304 ‘1¹'&attestatiultttttutt’astitisti

70 2305 135 2363 ritu
146 2301 208 2361 Dei
227 2321 287 2361 non
307 2307 375 2361 sunt
393 2303 522 2382 regendi,
542 2322 634 2384 qnnnr
653 2303 764 2364 ratio'ue
779 2302 874 2383 aliqua
887 2300 1025 2384 polleant,
1043 2306 1121 2359 oerio
1134 2299 1220 2358 doen·

71 2387 176 2442 mento
196 2385 277 2456 sunt,
302 2379 448 2441 hominem
467 2401 527 2442 nou
547 2385 659 2442 tantum
679 2389 712 2442 ut
730 2383 821 2464 spiret
844 2401 907 2441 ease
931 2379 1094 2454 eonditum,
1118 2375 1168 2438 sed
1187 2381 1221 2437 nt

72 2460 227 2540 intelligat.
267 2459 420 2520 Caeterum
440 2459 475 2520 alr
496 2479 531 2529 eo,
551 2463 668 2521 rationis
683 2479 757 2542 ¹auae
777 2461 867 2525 ductu
886 2459 923 2520 ad
934 2458 1031 2520 Deum
1046 2477 1104 2517 non

73 2543 173 2614 nient,
191 2557 224 2600 ae
241 2559 280 2600 ue
298 2539 437 2600 aooedunt
457 2539 587 2636 peridem:
607 2547 641 2600 nt
659 2547 720 2601 tota
739 2561 841 2601 eornm
859 2539 1027 2620 intelligen'
1063 2475 1217 2626 andelle:

74 2619 148 2680 dem
166 2619 308 2716 sitpuam
322 2637 401 2716 mera
412 2627 533 2716 panitas.
558 2619 642 2712 Unde
656 2621 785 2716 seqnitur·
800 2619 836 2679 de
850 2619 1000 2680 hominurn
1014 2616 1105 2715 salute
1119 2622 1215 2677 aetum

75 2697 899 2859 multtatlttttzttt'ttutntttt
912 2699 1215 2839 llmdrli'ffirl

76 2857 165 2954 istud,
184 2877 243 2917 non
263 2858 519 2954 wmpmnendmt:
539 2859 590 2920 sed
609 2859 715 2919 deliriis
735 2865 765 2920 et
783 2861 880 2956 pravis
899 2854 1146 2956 imapnntiouibns
1165 2853 1214 2914 ab·

76 2938 495 3098 intimati„
509 2938 867 3088 tttrttttttttt
874 2931 1215 3099 rlsslllffilrffi

79 3096 223 3192 mli5iouis
247 3115 358 3160 semen:
388 3097 488 3158 deinde
512 3097 686 3180 insculptum
711 3105 879 3158 salsorum
899 3094 1078 3157 conscientiis
1097 3091 1167 3152 boui
1185 3095 1216 3151 et

79 3176 148 3236 malr
167 3177 324 3237 diseriruen.
353 3175 412 3236 Sed
432 3179 483 3276 (pri
496 3178 611 3238 taudem
626 3178 692 3238 iude
706 3177 816 3238 nunus
831 3182 990 3256 emergunt,
1009 3173 1064 3234 nisi
1079 3169 1159 3252 qnod
1171 3187 1215 3228 no·

79 3255 152 3336 ligio
170 3257 201 3316 iu
212 3257 288 3318 mille
304 3258 536 3338 superstitionum
547 3263 685 3352 portenta
699 3257 859 3339 degenerat,
880 3253 1052 3317 conscientia
1061 3258 1158 3312 autern
1171 3249 1214 3309 in·

79 3333 190 3394 dicium
208 3355 290 3397 omne
308 3337 457 3432 ιιιιιιίιιιὶιἶ
475 3343 508 3395 nt
526 3337 629 3430 vitium
649 3358 715 3398 oum
728 3339 834 3431 uirtute
849 3333 1023 3432 ooplnudutl
1046 3331 1080 3392 ln
1093 3347 1215 3404 summa,

80 3433 232 3555 ιιιι
249 3495 663 3577 ιι
681 3415 895 3570 ιιιιι
921 3411 1216 3573 aaran

80 3573 241 3656 diseiplinas
259 3576 329 3648 uati,
348 3575 379 3635 id
398 3592 516 3655 quoqne
535 3565 630 3632 totdm
650 3573 710 3632 sine
728 3571 825 3631 irnoto
840 3571 989 3630 evanescit„
1012 3568 1106 3628 Porro
1119 3573 1215 3626 tenen·

80 3654 151 3714 dum
170 3659 223 3726 est,
242 3652 454 3736 Evangeliatarn
475 3653 510 3713 de
529 3651 707 3714 naturalibus
725 3656 837 3712 nurum
858 3649 940 3710 donis
960 3647 1051 3729 loqui,
1156 3655 1215 3742 ern:

79 3733 168 3793 lionis
185 3735 305 3814 gratiam
322 3733 451 3794 nondum
471 3735 539 3793 attin
560 3752 615 3794 ere.
645 3731 730 3793 Duae
749 3732 825 3791 euim
843 3736 915 3791 sunt
933 3728 1080 3790 distinctae
1127 3727 1144 3744 '⁰
1158 3722 1216 3787 Des

79 3813 210 3888 virtutes,
229 3816 309 3895 prior
328 3821 401 3896 quae
419 3815 450 3873 in
469 3755 569 3874 mnndi
587 3813 773 3874 architectura
792 3817 822 3874 et
835 3818 954 3872 naturae
969 3808 1068 3870 ordine
1081 3813 1216 3892 apparet:

81 3891 171 3952 altera
188 3913 260 3954 vero
281 3913 339 3974 qua
356 3899 487 3954 naturam
502 3893 656 3976 collapsam
670 3899 790 3955 mnovat
804 3899 835 3953 et
847 3893 993 3953 instaurat.
1018 3889 1059 3951 Ut
1073 3895 1215 3952 estaeter·

80 3989 138 4032 nus
150 3969 208 4032 Dei
222 3971 335 4049 Sermo,
354 3991 406 4054 per
420 3991 486 4033 enm
501 3972 632 4032 conditus
647 3973 701 4033 init
715 3973 854 4034 mundaret
874 3973 935 4033 eius
948 3971 1056 4034 virtute
1069 3976 1216 4052 aooeptarn

80 4051 171 4112 semel
192 4053 282 4134 vium
307 4054 402 4114 onmia
426 4053 561 4112 retinent:
591 4051 679 4114 horno
702 4053 841 4136 imprimis
860 4052 995 4134 singulari
1013 4049 1215 4133 intelligentiae

12 4185 13 4192 ,
81 4132 159 4192 dono
183 4139 303 4193 ornatus
327 4131 395 4193 inita
422 4137 452 4192 et
471 4133 601 4211 quamvis
621 4151 674 4192 sua
693 4132 853 4193 delectione
871 4132 997 4194 amiserit
1015 4129 1216 4212 intelligentiae

12 4201 14 4260 ῗ
81 4211 191 4288 lneem,
216 4212 296 4272 videt
313 4219 408 4272 tamen
427 4209 522 4272 adhue
540 4217 570 4273 et
587 4212 732 4294 intelligit,
759 4219 794 4274 nt
812 4231 872 4272 non
890 4213 927 4273 eit
945 4211 1058 4296 penitus
1077 4209 1216 4270 abolitum

81 4291 162 4372 quod
180 4292 348 4353 naturaliter
366 4311 403 4352 ex
422 4289 539 4352 liliiDei
557 4294 647 4377 gratia
666 4291 761 4352 lrabet.
800 4289 861 4351 Sed
879 4293 1014 4376 quoniam
1033 4291 1128 4354 lnoem
1141 4305 1216 4370 qnae

82 4373 112 4430 irr
130 4389 167 4432 eo
185 4371 283 4432 adhue
300 4371 412 4447 residet,
430 4377 548 4456 stupore
567 4392 621 4434 suo
640 4377 670 4434 et
687 4372 828 4457 pravitate
842 4370 1016 4448 obtenebrau
1034 4375 1164 4452 superest
1182 4372 1216 4428 ut

82 4469 193 4513 novum
215 4449 341 4516 offioinm
360 4451 495 4534 suseipiat
513 4451 572 4515 Dei
590 4452 681 4532 lilius,
709 4451 767 4514 lroo
785 4457 829 4514 est
848 4447 1025 4524 mediatoris,
1054 4449 1106 4528 qui
1123 4445 1216 4506 horni-
