2716 4856
173 204 233 274 352
603 199 644 266 IN
663 199 768 268 ACTA
787 201 926 268 APOST.
950 209 955 222 '

172 319 227 386 bus
255 318 429 383 familiariter
455 316 544 382 tardis
567 317 744 397 bominibus,
772 321 969 396 5515515551,
998 319 1090 384 donec
1115 323 1261 405 gnarum
1283 327 1312 388 15

172 401 268 464 coelos
293 401 491 464 conscendant.

234 485 237 490 ’
253 485 303 546 25
323 483 388 543 Nee
406 480 541 542 5551155
558 481 704 542 mann.
742 473 850 542 Eadem
871 499 946 562 quoe
965 501 1060 564 nuper
1078 481 1117 544 ds
1136 485 1250 566 templo
1270 505 1312 544 so-

173 565 236 626 luta
254 568 297 628 est
309 563 456 702 pnamtio,
474 581 553 622 nuuc
568 561 604 622 de
619 561 997 642 ceremoniisobiieipotestr
1018 562 1135 624 videtur
1149 566 1225 624 enirn
1236 566 1311 644 quod

172 643 283 706 Paulus
328 648 425 703 amnat
448 641 479 702 in
503 642 629 722 gentium
654 637 753 702 ritibus
778 641 933 702 55551155
953 639 1039 723 legis
1058 641 1205 702 blosaiuae
1224 663 1309 725 posse

1 721 2 728 ¹
78 761 81 772 ·
170 723 329 785 transferri.
350 721 409 782 Sed
427 738 487 780 uon
506 721 626 782 dlllim'lis
644 724 689 782 est
702 719 814 790 solutio,
835 721 914 802 quod
928 719 987 780 Dei
1000 721 1115 784 cultum
1130 723 1223 783 fideles
1237 745 1307 782 nnn·

216 823 262 865 am
280 799 311 862 ir'r
331 802 497 862 ceremoniis
515 801 631 884 pr'opric
649 801 854 875 constituerint,
874 801 924 861 sed
938 807 1052 861 tantum
1068 803 1306 863 adminicntsesse

196 884 321 956 uxerint,
342 881 445 964 quibus
469 901 522 962 pro
542 900 593 940 sua
612 879 774 940 infirmitate
793 899 823 941 se
841 887 1018 941 5551551551
1048 879 1151 959 Quum
1170 882 1231 942 Deo
1248 901 1304 941 nra-

176 969 288 1022 ctarent
308 961 441 1043 pecudea,
462 959 597 1020 offerrent
616 965 720 1041 panem
739 967 769 1020 et
787 961 930 1034 libamina,
950 961 1103 1020 luminaria
1117 961 1306 1032 accenderent,

175 1045 311 1126 pietatem
338 1041 365 1100 15
390 1041 436 1100 bis
454 1037 539 1100 rebus
558 1039 702 1104 sciverunt
719 1059 778 1100 non
798 1059 860 1102 esse
879 1041 1017 1120 positam,
1042 1041 1093 1100 sed
1112 1041 1218 1101 1511155
1237 1041 1307 1100 rudi·

173 1123 280 1182 mentis
297 1122 384 1182 adiuti
403 1119 440 1180 ad
459 1120 636 1216 spirituatem
653 1119 719 1186 Dei,
729 1119 837 1181 cultum
852 1137 965 1202 semper
976 1121 1074 1180 intuiti
1089 1128 1166 1196 sunt,
1187 1129 1218 1181 et
1230 1123 1308 1180 illum

174 1221 266 1262 unum
291 1201 452 1262 habuerunt
471 1220 501 1258 ru
542 1200 623 1263 rctio.
658 1199 696 1259 Et
717 1199 797 1260 Dens
816 1199 947 1282 pluribus
966 1199 1035 1260 locis
1053 1208 1154 1280 aperte
1173 1202 1308 1270 clamitat,

175 1279 246 1342 nibil
267 1289 416 1341 externum
436 1285 487 1338 551
506 1219 613 1339 deicito
632 1298 663 1338 se
682 1281 798 1355 morari,
817 1280 991 1340 ceremonias
1006 1299 1058 1360 per
1075 1299 1108 1339 se
1123 1281 1234 1339 nullius
1249 1291 1314 1338 155·

45 1419 47 1428 ,
175 1363 262 1422 menti
284 1357 435 1434 trahendas,
455 1377 510 1418 nec
529 1377 559 1417 ae
579 1357 661 1418 aliter
680 1378 767 1438 quam
786 1358 856 1435 tide,
876 1377 950 1440 pura
968 1359 1147 1434 conscicntia,
1168 1359 1309 1440 precibus

175 1448 205 1500 et
224 1439 393 1520 gratitudine
413 1437 478 1498 coli.
505 1435 582 1516 Quid
604 1457 690 1518 porro
711 1440 841 1520 gentiles:
862 1457 965 1518 nempe
983 1457 1066 1518 quum
1083 1440 1226 1518 erigerent
1246 1445 1308 1494 sta-

166 1527 248 1592 ¹tusas,
268 1519 335 1578 thus
354 1515 508 1590 adolerent,
528 1515 612 1577 ludos
632 1517 756 1590 ederent,
775 1537 810 1578 ac
828 1525 988 1579 sternerent
1027 1517 1158 1581 uiduaris
1177 1517 1309 1576 maido-

175 1599 219 1668 115,
239 1617 269 1657 se
289 1599 395 1678 optime
415 1597 528 1678 pietatis
548 1596 649 1658 ciliciis
669 1597 815 1658 defunctos
831 1603 977 1680 putarunt.
998 1538 1174 1656 deminuam
1189 1597 1309 1676 quidem

174 1697 233 1738 non
253 1679 340 1736 modo
359 1677 501 1736 interdum
512 1675 687 1759 Philosophi,
705 1678 855 1738 sedetiam
872 1685 972 1758 poetae
986 1677 1065 1756 vulgi
1078 1678 1210 1755 ineptias,
1232 1676 1309 1754 quod

173 1775 324 1898 perperam
344 1758 374 1816 iu
394 1760 617 1852 ceremoniarum
641 1775 746 1838 pompa
766 1765 796 1818 et
815 1755 968 1838 splendore
985 1754 1043 1815 Dei
1062 1756 1174 1851 5511515
1193 1762 1307 1816 statuat.

204 1845 215 1898 t
233 1856 381 1898 innumera
399 1838 560 1898 testimonia
580 1837 718 1914 omittam,
736 1843 840 1898 nomm
859 1843 903 1898 est
920 1836 991 1896 illud
1011 1835 1111 1896 Peren.

252 1995 359 2072 Dicite,
378 1993 541 2071 Pontifices,
559 1997 588 2055 in
609 2013 690 2056 sucro
709 1995 778 2077 quid
796 1995 865 2056 neit
882 1997 1004 2055 aurumi

256 2075 367 2158 Nempe
386 2074 454 2152 hoc,
473 2075 550 2156 qnod
570 2073 675 2136 Veneri
695 2075 818 2136 donatae
837 2095 855 2136 5
875 2076 984 2156 virgine
1003 2093 1130 2156 poppae.

254 2155 335 2295 3515
356 2157 456 2216 damus
474 2156 504 2215 id
523 2157 646 2236 superis,
667 2154 702 2216 de
720 2173 824 2235 magna
843 2153 921 2238 quod
941 2155 1009 2215 dare
1028 2156 1111 2215 lance

236 2305 243 2314 ,
284 2255 321 2295 55
339 2235 431 2317 possit
449 2235 545 2318 magui
564 2234 700 2296 Messalae
718 2236 796 2318 lippa
816 2243 954 2317 propago,

256 2315 455 2396 compositum
473 2316 518 2374 ius
537 2315 637 2396 fasque
656 2315 752 2386 animi,
771 2321 943 2395 sanctosque
962 2331 1090 2374 recessus

256 2393 367 2466 Meritis,
386 2403 417 2455 et
435 2395 579 2454 incoctum
599 2413 735 2476 generoso
754 2401 854 2476 pectus
873 2394 1011 2454 honesto?

254 2473 334 2535 Haec
343 2473 422 2550 cedo,
434 2481 465 2534 51
474 2475 641 2535 admoveam
651 2474 773 2556 templis,
783 2481 813 2535 et
821 2475 895 2534 1555
905 2473 1000 2534 litabo.
1012 2471 1062 2554 [al.
1074 2471 1272 2554 admoveant]

255 2632 315 2694 Nec
334 2633 451 2694 dubium
469 2639 527 2707 est,
547 2634 617 2714 quin
632 2632 714 2695 Deus
733 2635 804 2694 tates
822 2653 909 2694 voces
928 2633 1053 2714 profanis
1074 2631 1237 2710 hominibus
1255 2653 1304 2692 eu·

174 2717 318 2798 presserit,
339 2733 412 2794 quae
431 2715 606 2794 ignorantiae
625 2721 807 2794 praetextum
825 2713 968 2774 tollerent.
997 2713 1056 2772 Sed
1081 2713 1165 2772 tacite
1182 2720 1305 2794 apparet,

171 2809 226 2854 'eos
246 2794 295 2872 qui
315 2793 356 2853 sic
375 2792 567 2871 loquebantur
582 2792 620 2852 ad
639 2812 820 2854 communem
839 2795 976 2854 insaniam
991 2794 1156 2853 5151551515
1232 2811 1304 2866 aue,

175 2875 235 2932 imo
253 2889 400 2950 nunquam
420 2879 583 2952 penetrasse
601 2873 631 2932 in
646 2875 745 2933 eornm
761 2875 880 2946 animos,
941 2873 968 2931 'd
983 2871 1039 2932 lroc
1052 2871 1109 2932 sibi
1204 2889 1302 2932 anam

152 3019 154 3024 7
175 2951 229 3011 etsi
247 2949 327 3010 lateri
347 2957 488 3032 coguntur
506 2953 556 3032 qui
575 2953 751 3034 perspicacia
766 2971 853 3034 supra
922 2971 975 3048 gua
1038 2951 1123 3025 ltent,
1143 2951 1228 3008 nudus
1254 2969 1305 3027 re,

176 3031 318 3092 remouius
343 3033 423 3092 nullo
442 3033 552 3092 esseio
572 3034 673 3114 pretio,
692 3032 763 3093 baec
781 3039 876 3092 tamen
895 3030 988 3092 111511
1009 3032 1073 3090 5515
1092 3048 1230 3110 5555555
1249 3049 1307 3092 eae-

176 3112 293 3187 cutitur,
312 3111 381 3192 quin
400 3110 453 3171 sibi
473 3113 661 3191 persuadeant
678 3112 740 3172 illas
764 3119 875 3192 partem
898 3131 960 3172 esse
985 3111 1073 3170 divini
1094 3109 1196 3170 cultus.
1230 3105 1310 3173 Pro·

175 3191 243 3252 inde
267 3211 325 3274 quo
340 3193 510 3273 'diligentius
535 3192 638 3252 talibus
661 3191 777 3252 ludicris
802 3191 986 3264 incumbunt,
1010 3192 1182 3270 se'pietatis
1204 3188 1311 3254 51115115

167 3271 266 3354 probe
286 3271 399 3354 defungi
419 3293 477 3332 555
497 3271 635 3332 55511551.
664 3269 753 3350 Quod
771 3291 840 3352 ergo
860 3273 1025 3336 ceremoniis
1044 3271 1166 3350 albaque
1185 3277 1312 3334 uetanis

176 3349 367 3450 rebnspeu'm
387 3351 493 3448 placari
511 3353 673 3412 existimant
692 3352 787 3411 cuncti
804 3351 939 3448 mprtales
958 3371 974 3411 5
989 3369 1103 3447 summo
1118 3349 1154 3409 ad
1169 3351 1312 3424 intimum,

176 3431 709 3594 narare,taratantara
724 3429 1313 3578 111151115151111111

176 3591 295 3670 indiget:
317 3592 404 3672 quod,
425 3611 514 3674 quum
534 3593 621 3650 vitum
641 3597 669 3651 ct
688 3590 807 3650 halitum
828 3591 961 3672 targiatur
981 3589 1161 3667 bominibus,
1183 3595 1258 3655 nibil
1276 3595 1312 3653 ri·

177 3671 271 3731 etnim
290 3674 418 3752 recipere
437 3671 473 3733 ab
493 3673 561 3754 ipsis
580 3671 678 3809 possit.
717 3667 796 3749 Quid
816 3674 890 3731 euim
910 3671 946 3731 de
965 3689 1018 3730 sno
1038 3670 1177 3748 afferunt,
1197 3677 1246 3755 qui
1265 3671 1313 3732 bo·

154 3767 156 3772 ’
175 3759 280 3812 norum
301 3753 427 3812 omnium
445 3752 539 3832 indigi
552 3753 580 3809 ni
603 3751 629 3809 il·
643 3750 749 3810 habeut
766 3752 820 3810 nisi
840 3771 877 3811 ex
892 3751 1013 3830 gratuita
1027 3752 1090 3828 eius
1104 3751 1315 3815 tre-setium?

176 3832 236 3893 imo
262 3832 311 3914 qui
336 3829 406 3892 nibil
430 3839 494 3891 sunt
517 3832 570 3891 nisi
595 3849 631 3890 ex
651 3851 729 3890 mern
749 3833 810 3890 eius
830 3833 931 3914 gratia,
955 3849 1024 3890 mox
1045 3830 1228 3895 1551151555
1247 3835 1312 3894 redL

176 3909 1313 4072 111511111511111111111111155111πὲ

310 4035 318 4066 l
728 4033 737 4061 1

43 4088 49 4094 ·
175 4089 241 4131 rum
264 4073 300 4130 ad
314 4071 409 4132 Deum
434 4071 584 4132 colendum
607 4071 746 4152 ingerunt
767 4067 841 4130 Nasu
860 4069 938 4150 quod
956 4071 1161 4150 eleemosynas
1176 4081 1209 4135 et
1222 4075 1314 4136 ussit*

175 4149 213 4207 tis
244 4151 337 4212 otticia
359 4153 525 4232 pronuntiat
548 4149 684 4212 sacrificia
707 4169 770 4212 esse
793 4151 861 4212 boni
884 4149 993 4224 555515,
1022 4169 1040 4211 5
1062 4157 1219 4231 praesenti
1237 4171 1317 4216 eausa

178 4227 300 4287 discerni
331 4229 429 4306 debet,
458 4231 506 4292 ubi
535 4237 646 4292 tautum
675 4229 711 4292 de
740 4231 907 4292 ceremoniis
931 4232 1038 4310 agitur,
1067 4251 1147 4314 qnos
1179 4233 1317 4296 increduli

177 4301 243 4363 Deo
268 4309 421 4384 spiritualis
445 4311 539 4372 cultus
565 4311 627 4370 vice
652 4309 820 4372 obtendunt.
865 4309 921 4371 Per
943 4315 1033 4372 ritum
1058 4315 1221 4376 515555
1242 4323 1319 4374 nota

178 4385 227 4442 tur
249 4385 308 4444 vita
333 4387 486 4468 spiritualis
505 4389 551 4452 vel
570 4390 714 4469 animalis,
740 4397 774 4452 ut
792 4391 958 4473 loquuntur,
996 4389 1029 4452 ln
1049 4393 1188 4456 51555515
1208 4403 1319 4456 susten
