2786 4870
1171 89 1178 123 l

403 267 409 272 η
512 181 786 247 mandabitur.
1164 205 1203 250 ιιι

80 334 169 390 ωσι
211 324 306 385 sunm
325 337 401 400 erpo
415 321 445 379 et
462 335 516 378 uos
534 318 573 378 ad
590 317 688 380 simila
703 314 872 398 palamede
884 315 1053 396 'eonrpsretl¹
1082 311 1202 378 Additur

80 439 182 494 anim
201 430 249 492 ille
268 445 326 488 nen
346 424 419 484 levia
438 421 724 508 oonsolatiafflnod,
739 423 821 483 sicud
841 419 998 484 Badation
1022 439 1103 484 suam
1123 419 1215 487 Deos
1296 434 1299 442 ’

82 539 156 598 olim
174 541 218 596 tot
235 532 329 594 modis
349 529 484 590 addetam
502 535 532 588 eb
551 546 717 610 oppressam
734 526 898 590 mirabiliter
912 528 1059 594 enervam.
1088 528 1129 591 ἰιι
1147 544 1201 592 ιιι

81 643 127 704 bia
146 639 230 701 bede
250 653 370 718 quoque
387 636 426 696 ait
449 634 597 696 affamina.
640 631 719 695 lton
741 639 819 694 eerto
843 653 932 712 qaum
957 631 1109 700 monnio
1132 633 1202 696 liber

79 747 242 810 Eoolesiam
261 743 337 804 iuter
355 741 502 802 emonem
521 745 626 801 martes
643 745 802 800 serentem
826 738 887 799 sola
898 737 963 800 ,Dei
974 757 1072 802 maan
1089 741 1203 821 protegi

81 854 205 926 densat,
223 851 291 930 ipse
309 845 388 907 Deus
405 844 462 906 boo
479 845 566 908 modo
585 847 753 928 singulorum
772 846 802 905 in
821 844 997 926 proeurtnda
1015 845 1092 906 illius
1111 845 1202 908 saluts

82 977 168 1020 anam
186 952 393 1036 provisi-tiam
410 950 491 1012 nobis
510 959 575 1014 aute
594 952 692 1013 oeulos
709 951 800 1032 *ponit
850 949 1064 1012 Praeterea'bio
1082 952 1201 1016 noun

84 1070 136 1124 tur
154 1058 309 1122 nonnullae
325 1058 528 1140 Apostolorum
546 1058 710 1128 melones,
739 1073 812 1136 qnae
836 1055 879 1116 sio
901 1056 939 1116 de
960 1057 1152 1120 mbssieordia
1169 1059 1202 1120 il·

86 1169 159 1242 lius,
179 1165 215 1224 de
234 1162 336 1224 Christi
354 1163 458 1244 gratia,
476 1162 512 1222 de
531 1181 582 1242 sps
601 1160 698 1222 bertae
716 1161 947 1236 immortalitatis,
966 1160 1002 1222 de
1021 1161 1203 1226 invocatione

86 1271 159 1347 Dei,
189 1269 224 1330 de
246 1267 418 1350 pauitantia
439 1265 551 1347 Deque
575 1267 678 1328 timore
701 1272 730 1326 et
748 1267 809 1326 eliis
827 1267 985 1348 praeeipuia
1004 1265 1134 1330 caelatis
1153 1268 1201 1330 do·

85 1379 192 1438 &inas
210 1372 350 1456 capitibus
369 1371 524 1448 disserunt,
547 1379 581 1432 ut
602 1392 661 1434 non
685 1371 797 1434 abunde
816 1377 877 1435 soto
896 1373 1007 1465 pietatis
1025 1391 1135 1436 summa
1153 1393 1202 1455 pe-

86 1480 168 1542 tenda
187 1480 231 1541 sit.
257 1477 410 1540 Caeterum
431 1485 462 1539 ut
480 1478 623 1540 doemone
642 1495 725 1539 sanae
744 1483 773 1538 et
791 1496 880 1558 purae
898 1477 1114 1560 explicationem
1125 1499 1202 1542 none

87 1588 225 1660 omittam,
287 1603 333 1646 res
351 1591 420 1650 eunt
438 1587 552 1666 eogniln
570 1569 705 1664 imprimis
724 1581 824 1664 dignae
843 1601 877 1644 ao
896 1583 987 1656 utiles,
1006 1590 1101 1646 tenme
1120 1585 1203 1665 qualo
1332 1633 1336 1644 .

89 1693 174 1753 luent
183 1689 357 1751 Chr'utianao
368 1688 510 1750 anlesiae
521 1688 685 1762 exordium,
704 1687 824 1768 qualiter
836 1689 971 1768 auspicati
990 1689 1046 1750 sint
1058 1688 1203 1774 Evangelii
1252 1735 1254 1744 .

90 1796 326 1880 praedicationem
344 1795 490 1878 Apostoll,
509 1815 583 1876 quos
601 1794 749 1856 habuerint
768 1812 945 1874 progressae,
964 1801 995 1855 et
1013 1795 1115 1875 quibus
1133 1797 1215 1858 inte--

89 1923 138 1965 rea
156 1902 259 1983 poprie
277 1901 419 1962 noenu
442 1901 564 1975 inerint,
594 1891 815 1982 qnam'sosnue
840 1906 870 1960 et
893 1899 1005 1960 fartim·
1031 1902 1203 1980 perrexerint

89 2011 163 2070 inter
191 2014 236 2068 tot
264 2005 421 2083 obsbanla,
450 2025 536 2087 quam
560 2004 706 2086 magnifice
730 2003 765 2063 de
790 2011 850 2065 tota
875 2005 974 2066 mnudi
997 2004 1126 2086 superbia
1150 2004 1202 2066 snb

88 2114 179 2176 emus
198 2113 349 2194 ignominia
368 2111 582 2193 trimnpborinl,
601 2129 687 2192 quam
706 2107 822 2170 mirifice
842 2107 995 2174 illisDeus
1014 2111 1133 2184 affuerit,
1151 2101 1228 2176 nos

89 2221 130 2280 bis
147 2219 224 2280 bane
242 2218 346 2279 librum
364 2217 502 2299 imprimis
523 2215 749 2278 commendatum
768 2234 830 2275 esse
850 2213 943 2275 deest:
970 2216 1020 2295 qni
1038 2215 1092 2276 nisi
1111 2221 1203 2276 exsta-
1322 2261 1326 2277 .

88 2332 145 2402 ret,
164 2330 306 2386 tantam
325 2342 421 2383 rerum
439 2323 487 2383 vel
505 2323 616 2404 sepulta
635 2327 723 2396 esset,
742 2321 788 2382 vel
808 2321 904 2382 multis
923 2319 1046 2382 tenebris
1065 2321 1203 2394 involuto,
1257 2333 1268 2362 -·

89 2431 135 2492 vel
155 2429 330 2490 dubitatione
349 2427 483 2509 implicita
503 2429 634 2508 cognitio.
665 2425 800 2488 Videmus
820 2427 895 2487 enim
914 2424 1049 2488 Satanan
1069 2425 1206 2506 quioquid

90 2532 201 2596 artiiieii
219 2532 318 2594 babuit
335 2532 391 2593 bno
408 2532 575 2609 eontulisas,
599 2540 632 2594 ut
650 2531 720 2596 nihil
739 2533 774 2594 de
793 2531 876 2593 rebus
895 2533 980 2614 gestis
999 2530 1204 2613 Apostolorum

90 2645 215 2701 mares
231 2639 286 2700 nisi
304 2639 453 2700 mendaciis
472 2657 635 2721 aspersum,
665 2659 722 2720 quo
741 2645 905 2720 suspectum
923 2637 1052 2700 redderet
1070 2637 1204 2719 quioquid

90 2746 126 2808 de
143 2745 198 2806 illia
217 2743 372 2820 diceretur,
395 2763 431 2806 ao
450 2744 563 2806 densum
582 2751 672 2806 totam
691 2745 794 2806 saeonli
812 2745 887 2826 illins
903 2745 1068 2806 memoriam
1087 2763 1125 2805 ex
1143 2743 1204 2826 pio·

89 2871 151 2914 mm
169 2849 269 2914 animis
288 2850 405 2912 deleret.
445 2847 519 2910 Nam
537 2851 583 2910 vel
602 2851 704 2911 deliros
722 2848 865 2925 homines,
889 2851 937 2912 val
960 2857 1069 2912 astutos
1088 2849 1203 2911 subsan-

90 2963 200 3019 natores
224 2956 373 3031 excitavit,
403 2956 453 3036 qui
476 2957 663 3037 suppositioiis
686 2947 845 3016 nominibus
869 2939 980 3038 putidas
1000 2955 1108 3017 tabulas
1126 2975 1204 3038 spar-
1252 2963 1254 2968 '

90 3069 202 3143 gerent,
219 3081 340 3143 quarm
359 3061 500 3122 insulsitas
518 3059 605 3122 fidem
623 3061 708 3122 etiam
726 3061 800 3122 veris
819 3060 941 3122 historiis
960 3060 1114 3142 abrogavit
1155 3060 1205 3123 Sia

90 3168 261 3248 libelli‚.qui
278 3168 313 3230 de
331 3167 418 3230 Petro
437 3173 466 3230 ot
484 3165 575 3231 Paulo
595 3167 647 3228 sub
666 3165 730 3232 Liui
749 3166 863 3226 nomine
882 3166 1125 3238 circumferuntur,
1144 3172 1205 3227 tom
1244 3183 1245 3186 ’
1383 3161 1384 3164 ’

90 3271 206 3355 putidas
224 3273 336 3354 naenias
355 3273 505 3350 oontinent,
525 3279 558 3334 ut
576 3271 647 3333 nihil
666 3290 751 3353 quam
770 3271 857 3332 risum
875 3271 1009 3352 profanis,
1027 3269 1205 3332 stomachum

89 3377 182 3456 bonis
203 3395 321 3439 movms
348 3386 459 3459 queant.
508 3377 557 3439 sio
585 3377 688 3439 fiotioia
715 3377 866 3458 disputatio
895 3375 971 3440 Petri
999 3396 1065 3437 oum
1089 3373 1206 3437 Simone

88 3501 174 3566 mago
193 3489 255 3544 tam
272 3482 389 3546 notem
407 3491 463 3560 eat,
488 3490 521 3545 ut
539 3483 658 3544 dederas
677 3483 775 3544 alluat
793 3482 900 3544 nomini
919 3481 1087 3544 Christiano.
1126 3479 1205 3543 idem

88 3589 125 3650 de
141 3595 205 3650 tota
222 3587 272 3650 illa
290 3588 428 3672 famagim
447 3589 638 3666 sentiendum,
658 3607 730 3670 qous
750 3588 903 3650 Clementis
921 3586 1157 3670 recognitionibus
1176 3594 1206 3650 ab
1335 3600 1339 3613 ¹
1383 3575 1384 3586 ¹

89 3694 215 3755 aanoldis
231 3693 373 3777 praefixa,
392 3702 423 3757 el
441 3695 527 3756 otiu
544 3696 575 3756 in
595 3694 720 3756 Gratiani
738 3693 894 3777 rhapsodiis
913 3701 1041 3758 veterum
1058 3695 1204 3756 nominum

88 3804 238 3880 praetextu
254 3802 401 3882 imperitos
418 3801 529 3876 fallunt,
547 3800 583 3861 ab
601 3801 736 3884 improbis
754 3808 888 3882 unquam
904 3799 1206 3882 oraouiosnperoilioae

88 3923 152 3964 non
168 3905 260 3965 minus
278 3921 365 3988 qnam
383 3909 562 3990 impudenter
580 3907 726 3982 iactantur,
746 3927 835 3988 quum
853 3907 999 3989 pudendae
1014 3907 1203 3968 sintnaeniae.

87 4007 152 4072 lieo
169 4011 320 4073 mentimdi
337 4013 452 4074 boantis
471 4013 573 4076 abusus
592 4021 637 4075 est
655 4012 758 4090 Satan,
786 4021 820 4074 ut
836 4020 903 4096 post
929 4012 1034 4074 Christi
1056 4013 1087 4074 in
1111 4013 1205 4074 ooetos

87 4133 237 4178 aaomsum
254 4117 325 4178 nibil
344 4119 415 4180 oerti
438 4126 605 4181 teneremus.
654 4117 696 4180 lla
720 4121 774 4180 nisi
796 4119 851 4180 hoo
875 4117 968 4180 Luras
990 4126 1204 4182 monumentum

86 4227 227 4296 amnt,
251 4221 342 4282 videri
359 4231 456 4304 posset
475 4221 604 4286 Christus
623 4225 653 4284 iu
672 4226 783 4288 eoelum
802 4224 927 4286 sublatos
946 4226 1055 4288 nullum
1073 4226 1104 4286 iu
1122 4228 1205 4286 terris

86 4343 157 4388 snae
174 4327 276 4390 monis
294 4333 345 4391 aut
362 4332 574 4398 tennemonn
597 4329 722 4393 iraomm
744 4330 902 4412 reliquisse:
931 4351 998 4394 nam
1023 4331 1117 4394 omnia
1139 4347 1207 4390 oum
