2838 4848
199 243 257 305 rm
580 211 960 308 murmuremus

199 352 297 415 mnndi
316 349 457 414 altitudine
474 350 559 430 longe
578 354 615 414 uit
633 374 667 414 sn
687 355 768 415 erior.
819 351 925 414 Verum
950 359 982 415 nt
1004 373 1054 416 ena
1079 351 1238 440 Evangelio
1258 379 1315 422 mn·

197 437 283 496 testas
301 431 375 514 apud
393 449 446 488 nos
464 437 581 506 constet,
599 454 652 494 nes
672 455 702 493 ur
721 434 871 494 coelestem
881 433 987 496 Christi
1005 435 1122 516 gloriam
1142 457 1256 520 semper
1275 441 1317 500 in·

199 521 293 574 tentor
311 529 370 570 esse
390 516 502 589 oportet
520 518 550 570 et
569 513 609 572 eie
628 514 725 573 audire
743 515 774 572 in
792 513 899 572 mundo
923 513 1098 593 loquentem,
1127 523 1162 578 ut
1179 521 1318 579 memine-

199 596 286 653 rimus
308 587 383 648 uude
406 589 554 668 prodierit,
583 598 613 652 et
636 593 721 672 quate
745 611 821 652 anne
843 593 993 674 imperium
1016 593 1153 674 legatione
1176 617 1230 658 sna
1253 617 1319 680 per-

199 673 310 731 functus
330 665 462 728 obtineat.
502 667 575 730 Nam
594 671 677 730 sicuti
696 671 732 730 nd
750 677 862 752 tempus
881 691 913 730 ee
931 670 1105 752 humiliavit,
1127 676 1166 737 ita
1190 697 1267 738 nnnc
1287 679 1320 737 in

199 753 314 811 dextera
332 746 425 808 Patris
443 748 554 825 residet,
572 757 606 812 nt
624 769 708 811 omne
726 769 801 832 genu
818 745 1016 814 illitiectatnr.

284 911 336 981 15.
381 911 447 980 vos
476 914 649 982 secundum
683 937 807 984 earnem
835 903 992 1003 iudicatis,
1026 939 1087 1010 ego
1117 941 1183 986 non
1210 917 1320 987 'iudice

156 1069 162 1080 .
197 1023 386 1110 quenquam.
422 1018 474 1086 16.
496 1017 586 1088 Etsi
608 1043 667 1112 ego
689 1018 969 1106 iudico,iudieium
991 1046 1102 1092 meum
1124 1047 1236 1092 venum
1259 1035 1319 1093 estz

197 1125 270 1216 quia
292 1123 378 1192 solus
399 1147 465 1191 non
488 1147 575 1193 sum:
603 1127 659 1194 sed
681 1149 741 1218 ego
768 1137 799 1195 et
825 1125 931 1210 Pater,
958 1128 1014 1218 qni
1040 1151 1093 1195 me
1120 1129 1216 1198 misit.
1267 1131 1319 1200 17.

192 1229 295 1296 ·Ροπο
317 1228 350 1296 in
378 1229 574 1324 legerentur
601 1231 838 1324 scriptumest,
871 1233 958 1324 quod
984 1233 1119 1300 duorum
1148 1235 1319 1305 hominum

195 1335 414 1404 testimonimn
433 1347 544 1404 terum
565 1337 613 1405 sit.
669 1337 721 1406 18.
743 1335 811 1430 Ego
835 1361 923 1422 sum,
950 1337 1005 1428 qui
1032 1337 1180 1409 testificor
1201 1341 1241 1408 de
1262 1365 1319 1409 me

196 1442 282 1532 ipso,
303 1451 336 1509 et
356 1441 535 1510 testificatur
556 1441 596 1510 de
617 1465 669 1510 me
684 1443 782 1526 Pater,
803 1443 859 1533 qui
880 1441 1048 1512 meminit
1081 1445 1135 1514 19.
1155 1443 1320 1514 Dixenrnt

196 1570 271 1637 ergo
297 1545 354 1630 itii,
386 1545 449 1613 Ubi
481 1556 529 1614 est
549 1557 637 1640 pater
662 1549 757 1615 tuus?
799 1547 974 1641 Respondit
992 1547 1096 1632 lesus,
1127 1547 1240 1640 Neque
1261 1572 1318 1618 me

195 1651 311 1735 nostis,
333 1676 437 1742 neque
457 1649 585 1721 Patrem
606 1675 724 1729 meum.
767 1652 804 1722 Si
824 1657 878 1723 rne'
899 1654 1053 1738 nossetis,¹
1074 1653 1201 1724 Patrem
1222 1655 1319 1730 etiem

196 1779 304 1826 meum
325 1758 434 1849 utique
455 1759 600 1826 nossetis.
644 1759 698 1827 20.
720 1757 807 1828 Haec
826 1760 922 1830 verba
941 1759 1098 1851 loquutur
1119 1759 1264 1828 estlesns
1282 1759 1318 1826 in

195 1863 418 1956 gazophylacio
425 1915 434 1948 ,
467 1863 585 1931 doeens
613 1863 804 1957 intemplo:
838 1875 870 1935 et
890 1889 986 1936 nemo
1008 1863 1212 1960 apprehendit
1233 1888 1318 1950 etun,

196 1969 270 2060 qnia
293 1971 438 2038 nondum
458 1979 587 2038 venerat
607 1971 685 2038 horu
706 1970 784 2042 eius.
1048 1989 1049 1992 ’
1121 1963 1141 1974 ”

273 2099 320 2160 15.
350 2101 412 2158 Ver
429 2100 586 2158 necandum
604 2121 730 2161 camna.
769 2097 902 2160 Biinriam
920 2106 1016 2181 potest
1033 2103 1154 2184 exponi:
1173 2098 1220 2161 vei
1240 2099 1320 2181 quod

194 2193 232 2234 ex
251 2195 341 2256 pravo
361 2177 453 2238 earnis
472 2195 540 2237 suae
559 2197 658 2253 sensu,
682 2178 729 2238 vel
748 2177 826 2257 qnod
845 2198 882 2240 ex
902 2199 1039 2262 personae
1057 2182 1162 2241 intuitu
1181 2180 1319 2240 indicium

193 2253 306 2314 faciant.
356 2254 429 2316 Nam
452 2279 523 2316 earo
548 2258 690 2323 interdum
791 2263 908 2318 externa
932 2259 1053 2320 hominia
1077 2260 1170 2340 speria
1189 2259 1319 2337 capitur:

192 2341 223 2394 et
241 2353 340 2394 nenena
358 2341 479 2415 uterque
497 2335 565 2395 huie
584 2335 648 2395 loco
668 2272 765 2418 proprp

192 2414 313 2473 attentus
332 2415 439 2489 earnis,
468 2415 528 2473 eive
547 2433 683 2494 personae
702 2415 821 2474 intuitus
840 2415 1117 2489 minuerentur,
1146 2415 1204 2474 illie
1223 2433 1321 2494 neque

193 2493 297 2552 veritas
316 2511 409 2572 neque
427 2493 553 2572 aequitas
573 2493 668 2553 loenm
688 2489 781 2552 habet
811 2491 919 2554 Sensus
937 2499 1033 2554 tamen
1050 2493 1121 2553 mibi
1134 2491 1321 2554 videturiore

193 2571 309 2645 uenter,
329 2573 353 2630 ri
373 2591 485 2631 earnem
505 2591 682 2668 opponamus
702 2570 834 2654 Spiritui,
853 2574 970 2633 ntideo
989 2574 1182 2653 legitimnum
1200 2573 1320 2632 idoneus

192 2669 254 2709 esse
273 2655 358 2729 neget
376 2650 490 2724 indibus,
511 2669 577 2730 qum
596 2649 733 2732 Spiritum
752 2671 810 2710 non
830 2651 934 2712 babent
953 2654 1063 2714 dueum.
1103 2655 1135 2713 Ε
1192 2675 1253 2714 non
1272 2660 1321 2713 tu·

191 2731 258 2788 duo
278 2743 449 2812 preruptam.
488 2727 543 2788 Hie
562 2749 676 2811 qnoque
695 2732 808 2790 vadant
831 2732 1008 2812 interpreter.
1059 2729 1120 2810 Qui
1139 2747 1186 2792 am
1214 2735 1254 2791 ita
1277 2731 1319 2789 di-

192 2808 368 2886 etingnnntf
383 2807 462 2887 quud
480 2827 538 2868 non
559 2809 663 2870 iudicet
683 2817 821 2890 qnatenus
840 2809 937 2871 homo.
982 2809 1040 2870 Alii
1059 2811 1096 2870 nd
1115 2818 1228 2892 temper
1246 2808 1320 2869 refe·

190 2891 271 2960 runt²
301 2886 379 2981 quud
403 2907 492 2966 quum
516 2889 545 2947 in
570 2895 646 2948 terra
669 2895 744 2948 esset
765 2889 893 2950 nondum
912 2892 1069 2985 susdperut
1086 2889 1186 2948 iudicis
1205 2905 1318 2948 manne.

191 2964 366 3044 Augustinus
390 2973 541 3046 utramque
565 2969 771 3064 expositionem
796 2968 909 3028 adducit
933 2969 1067 3030 iunctum
1091 2987 1177 3028 tunm
1202 2983 1321 3064 suspen-

191 3043 271 3103 dens.
310 3043 351 3105 At
371 3045 401 3103 ui
420 3046 499 3124 prior
517 3046 566 3104 itin
586 3047 728 3106 distinctio
746 3047 828 3106 nulio
847 3045 934 3107 modo
953 3049 1092 3128 quadrare
1194 3049 1321 3106 tbnnt

190 3124 267 3183 enim
286 3121 343 3183 duo
383 3124 448 3184 aine
466 3128 621 3186 sententiae
640 3125 775 3200 membra,
790 3127 873 3206 qued
891 3144 949 3185 nou
968 3124 1109 3188 indinetC
1145 3127 1228 3185 'tunt
1248 3131 1278 3184 et
1293 3124 1320 3182 si

190 3203 309 3278 indicet,
328 3202 442 3262 firmum
462 3205 498 3263 sit
516 3212 545 3264 et
564 3205 755 3265 authenticum
774 3205 835 3264 eine
859 3205 1009 3282 iudicium,
1033 3205 1100 3300 quia
1120 3205 1247 3264 divinum
1265 3209 1320 3262 eet,

189 3280 289 3376 itque
307 3283 387 3378 prins
406 3281 578 3359 membrum,
603 3284 653 3344 nbi
672 3285 845 3344 adiudicare
864 3291 963 3365 negat,
991 3285 1145 3366 ponne-ed
1165 3285 1220 3343 lori
1238 3299 1321 3363 prae·

776 2339 938 2410 conveniet,
968 2338 1032 2416 quia
1054 2339 1117 2398 eive
1136 2337 1319 2396 dominentur
1354 2396 1359 2408 ,

190 3367 277 3418 senne
297 3364 534 3422 circumstantium
552 3365 701 3445 restringo.
752 3361 827 3422 Nam
845 3370 878 3423 ut
897 3364 997 3423 nrelins
1016 3364 1113 3422 hostes
1133 3380 1200 3423 snos
1219 3379 1320 3440 snper-
1411 3369 1412 3373 ’

189 3436 253 3498 biae
271 3441 434 3516 convineat,
456 3441 512 3502 hnc
530 3444 741 3582 compar-atione
757 3443 863 3517 utitur,
892 3442 970 3522 qued
995 3443 1048 3500 nibt
1071 3442 1213 3500 lieurtinm
1236 3455 1319 3499 usur·

189 3524 259 3599 part
276 3527 458 3601 praepostere
474 3522 588 3582 iudiean
609 3525 632 3598 '‚
652 3529 681 3582 et
700 3524 808 3582 interea
827 3522 921 3601 ipsum
940 3519 1104 3600 simpliciter
1122 3518 1271 3584 dueentem
1286 3523 1320 3576 et

188 3597 376 3660 abstinentem
394 3601 493 3660 indicis
510 3601 638 3681 partibus
656 3601 729 3660 ferre
741 3605 898 3680 nequeant,

268 3682 315 3742 16.
339 3683 381 3740 Er
399 3688 427 3741 et
446 3703 502 3775 epa
521 3683 628 3741 tridino.
669 3679 892 3753 Commorat,
912 3697 949 3738 ne
968 3675 1097 3736 videntur
1116 3673 1230 3756 penitus
1253 3671 1336 3734 inre‘

188 3776 242 3817 eno
262 3759 370 3819 erdere.
409 3757 443 3817 Si
461 3759 569 3836 iudico,
588 3761 694 3838 inquit,
714 3771 815 3817 verum
835 3765 880 3817 est
898 3757 1032 3818 iudieimn
1051 3773 1162 3827 meum,
1188 3753 1244 3812 ben
1263 3760 1320 3826 est,
1410 3745 1411 3816 i

188 3839 385 3897 anmoritetem
404 3844 537 3898 meretur.
576 3837 646 3898 lude
664 3853 734 3896 vern
753 3838 920 3912 antiatibus,
940 3835 1019 3916 quod
1037 3833 1186 3913 nibil'agit
1205 3830 1261 3892 nini
1281 3851 1321 3890 ex

88 3935 94 3948 ·
187 3907 280 3972 Patris
299 3917 440 3977 mandato.
489 3913 633 3996 Loquntiu
657 3914 812 3978 baeunun
834 3935 901 3976 eum
923 3917 1005 3977 tota·
1028 3913 1145 3994 perinde
1163 3913 1241 3972 valet
1260 3913 1320 3970 ueri

188 3999 312 4070 negaret,
333 4013 364 4053 re
383 4015 479 4054 unum·
492 3995 645 4074 quemlibet
662 4009 727 4055 'enee
746 4015 784 4054 ex
802 3995 952 4055 bominum
970 4009 1102 4067 munero,
1122 3991 1171 4052 sed
1191 3989 1320 4050 conride-

187 4069 392 4166 rpndnpreum
411 4087 532 4153 persona
551 4093 568 4132 a
587 4073 672 4134 Patre
690 4074 831 4153 imposita.
871 4073 930 4134 Sed
949 4093 1002 4133 eur
1019 4091 1080 4134 neu
1098 4072 1195 4152 potins
1214 4067 1320 4128 diserte
1409 4113 1410 4140 .

187 4145 241 4206 ubi
256 4149 436 4243 ‘divimtntem
455 4153 569 4222 asserit,
588 4159 621 4212 nt
640 4169 707 4211 vere
726 4158 757 4212 et
774 4151 876 4220 merite
894 4152 1031 4232 poterat?
1048 4147 1160 4246 Nempe
1178 4147 1245 4228 quie
1263 4145 1321 4242 eqb

187 4244 279 4286 meme
298 4229 363 4288 vele
383 4229 489 4290 latebat
507 4231 646 4298 divinitus,
666 4228 780 4292 Patrem
800 4231 831 4290 in
849 4249 908 4311 qun
928 4231 1018 4310 magis
1038 4245 1191 4310 conspumat
1209 4231 1270 4286 erat
1288 4245 1322 4284 m

187 4306 311 4365 medium
330 4307 453 4368 adducit
503 4307 568 4370 tine
586 4315 680 4372 tamen
704 4315 815 4391 spectat
834 4309 939 4386 aratia,
969 4305 1006 4370 nt*
1022 4309 1151 4370 divinam
1170 4310 1321 4367 nenseattu·

187 4384 322 4464 quiequid
342 4389 452 4467 agitne
471 4389 562 4460 decet
