2754 4864
486 183 499 213 ’·
528 171 657 236 caput
675 170 751 236 vm.
1138 175 1196 238 153

81 294 241 376 Philippum
265 289 431 370 radiarant.
461 291 510 372 qni
534 310 657 372 prorsus
674 295 755 361 eraat
778 287 901 362 Simonis
926 283 1102 360 illusionibus
1126 296 1197 353 atto-
1305 273 1308 282 ¹

81 375 143 437 niti:
206 371 241 432 od
261 369 391 432 coelestis
411 372 563 454 sapientiae
582 377 728 452 compotes
748 369 814 430 iacti
833 375 914 444 sunt,
935 369 984 448 qni
999 369 1104 448 stupidi
1120 377 1199 428 crant

82 463 110 516 et
137 455 171 512 be
190 460 258 511 eles.
308 449 352 510 Ita
401 449 589 510 uodammodo
619 455 657 509 eri
685 449 781 509 inieris
810 448 840 508 in
869 448 980 508 coelum
1005 449 1096 506 evecti
1122 455 1197 507 sunt.

69 532 166 612 'Quod
195 531 357 612 baptismus
381 471 443 589 1de
471 532 611 610 posterior
642 527 697 590 tuit
727 527 831 605 (Mne.
861 529 915 602 16,
944 527 1024 602 id),
1053 534 1198 586 consenta-

81 632 162 674 neum
190 615 234 670 esi
259 607 369 668 Christi
398 609 537 669 institutio
561 615 699 690 qrraulum
728 607 764 669 ad
792 613 941 668 mmaneos
970 612 1087 688 spectat.
1130 604 1198 666 Fide
1232 609 1235 617 “

80 693 150 752 enim
169 690 297 772 oportuit
314 688 400 748 inseri
418 688 447 748 in
465 685 608 748 Ecclesiae
627 708 746 768 corpus,
771 693 924 767 antequam
943 685 1107 766 symbolum
1127 687 1197 746 acci·

100 777 187 830 erent:
218 767 267 830 sed
295 767 380 828 nimis
408 767 548 848 ineptiunt
571 767 787 850 anabaptistae,
817 765 885 826 dum
909 785 946 828 ex
970 765 1013 825 his
1038 765 1108 826 locis
1133 786 1198 846 pro·¹

79 793 144 910 gare
166 849 310 922 nituntur,
339 845 476 941 arcendos
505 866 567 908 esso
580 848 710 944 'inientes
735 845 930 928 aBapliomo.
974 845 1116 925 Baptizari
1140 865 1199 904 non

80 935 289 1068 tibitibi
311 933 347 1065 :t
365 926 719 1082 bibiliim‘imiifidii
738 923 1199 1068 ttilttilbctlltli
1247 1006 1255 1016 ·

81 1087 212 1146 familiae:
231 1087 271 1146 sie
289 1087 365 1146 enim
384 1085 421 1146 bu
456 1085 599 1160 stactus,
620 1085 678 1146 Ero
694 1085 774 1148 Deus
794 1093 860 1146 tuus
879 1093 908 1146 et
922 1087 1034 1148 seminis
1049 1085 1092 1146 tui
1113 1083 1198 1160 (Gen.

81 1168 134 1242 17,
152 1167 203 1308 Ξ3).
242 1249 344 1306 Simon
364 1267 476 1340 puopue
494 1253 563 1340 ipae.
610 1243 669 1324 Qui
688 1249 778 1304 totam
798 1243 896 1304 urbem
916 1243 1033 1304 fallaciis
1053 1243 1110 1302 suls
1130 1242 1200 1304 inia-

81 1331 219 1399 sanarat,
242 1322 300 1384 Dei
319 1331 467 1383 veritatem
487 1323 572 1382 smmi
591 1344 656 1384 cunr
676 1324 738 1384 aliis
758 1324 865 1404 recipit.
905 1321 965 1402 Qui
984 1343 1124 1385 summam
1143 1319 1200 1382 Dei

81 1405 209 1464 mutem
228 1423 259 1464 se
278 1403 525 1476 enumeraverat,
545 1401 659 1464 Christo
678 1422 710 1464 se
724 1401 873 1474 submittit,
892 1422 1054 1484 quanquam
1070 1423 1127 1462 non
1140 1410 1200 1462 lam

79 1502 129 1542 sna
156 1485 240 1542 unius
269 1502 356 1564 quam
383 1485 470 1542 totius
500 1484 590 1563 gentis
618 1503 703 1564 causa
725 1481 899 1542 illuminatus
923 1483 977 1542 luit
1001 1484 1029 1540 in
1054 1480 1201 1562 Evangelii

77 1563 221 1636 notitiam,
249 1569 282 1622 nt
310 1562 475 1622 scandalum
503 1561 651 1624 tolleretur
679 1562 757 1640 quod
781 1563 926 1642 imperitos
951 1563 1056 1622 morari
1079 1567 1199 1643 poterat.

78 1643 117 1702 At
155 1661 172 1702 e
195 1641 253 1702 buc
275 1643 398 1722 pertinet
421 1641 499 1723 quod
522 1649 621 1723 postea
640 1641 833 1715 dimiliatae,
852 1643 986 1700 miratum
1006 1641 1092 1702 luisse
1112 1642 1199 1720 signa.

80 1663 176 1782 valdo
198 1721 274 1782 enim
298 1717 540 1781 Dominnsrhunc
564 1741 650 1802 quem
669 1741 722 1801 pro
742 1719 866 1782 semidea
885 1719 1027 1780 habebant
1045 1719 1201 1780 Samaritae

79 1803 109 1860 in
127 1799 270 1883 triumpho
290 1797 406 1874 ducere,
426 1800 504 1880 quod
522 1800 569 1876 fit,
589 1801 658 1860 dum
676 1817 796 1861 excussa
813 1799 891 1860 inani
909 1800 1042 1860 iactantia
1061 1802 1135 1860 veris
1150 1800 1200 1858 mi·

80 1879 181 1940 raculia
205 1879 323 1962 gloriam
347 1879 413 1939 dare
432 1882 551 1962 cogitur.
592 1879 692 1960 Neque
710 1881 786 1940 enim
804 1879 914 1938 sincero
934 1879 1028 1940 cordis
1048 1881 1151 1939 affectu
1170 1897 1201 1938 ee

79 1959 192 2019 Christo
216 1957 314 2019 tradit:
341 1958 446 2040 alioqui
470 1981 529 2020 non
553 1963 648 2022 aialim
674 1961 835 2040 erumperet
854 1977 987 2038 perversa
1006 1959 1066 2021 eius
1086 1957 1202 2018 ambitio

79 2047 109 2099 et
127 2039 266 2100 donorum
286 2037 408 2119 Spiritus
433 2039 519 2120 impia
538 2047 568 2100 et
587 2039 706 2120 prolana
725 2039 891 2099 aestimatio.
930 2035 996 2096 Non
1015 2045 1110 2098 tamen
1129 2035 1201 2096 mul·

77 2119 114 2178 tis
138 2118 288 2190 semotior,
312 2119 363 2198 qni
386 2119 532 2180 simulasse
556 2119 695 2180 duntaxat
719 2113 807 2184 fidem
827 2121 945 2252 pulani,
973 2137 1062 2196 quum
1087 2118 1203 2177 minime

78 2197 212 2258 erederet.
257 2197 363 2278 Aperte
387 2195 480 2258 Lucas
508 2205 629 2259 testatur
652 2218 718 2257 eum
749 2195 914 2268 erudiisse,
938 2201 968 2254 et
992 2193 1107 2256 additur
1129 2197 1203 2254 ratio

77 2277 157 2358 quod
174 2275 358 2337 admiratione
377 2283 469 2337 tactim
488 2275 586 2337 luerit:
607 2277 752 2374 mornado
770 2279 857 2358 igitar
875 2295 905 2334 se
925 2275 1011 2356 paulo
1030 2283 1098 2356 post
1112 2275 1225 2356 hypo-s
1303 2305 1310 2311 -

76 2359 177 2418 critam
197 2375 259 2418 esee
278 2357 390 2438 prodit?
419 2355 476 2416 Res
514 2357 603 2429 adeo,
622 2366 697 2416 mter
714 2357 800 2418 fidem
821 2361 850 2416 et
868 2362 976 2416 mmm
995 2356 1203 2416 simulationem
1229 2385 1235 2420 ι

75 2435 186 2514 aliquid
208 2455 269 2495 esse
293 2437 425 2496 medium.
494 2439 601 2517 picurei
624 2444 653 2496 et
671 2435 814 2498 Lucianici
839 2434 954 2494 credere
974 2453 1004 2494 se
1025 2435 1203 2516 profitentur,

78 2535 170 2595 quum
189 2507 281 2575 isimon
300 2515 376 2575 intus
396 2515 514 2591 rideant,
533 2537 623 2598 quum
637 2515 691 2576 illio
706 2517 834 2576 sabulosa
849 2515 887 2573 sit
901 2533 966 2596 spes
981 2515 1055 2574 vitae
1065 2522 1203 2585 aeternae,

76 2613 170 2734 itit
188 2593 505 2755 iiliqiirffliiiilffii
518 2595 640 2757 lidi
658 2597 980 2738 iiiimxiiii?
994 2595 1134 2755 istit·
1150 2591 1206 2732 „ii

326 2715 335 2748 2
1118 2715 1127 2747 l

77 2774 150 2814 vero
169 2754 260 2814 cordis
280 2755 384 2816 affeetu
404 2774 435 2816 sc
476 2775 519 2818 ‚eo
538 2756 678 2830 addicant,
726 2755 786 2818 erbi
805 2763 902 2820 tamen
921 2756 1049 2834 potentia
1062 2755 1130 2814 victi
1144 2772 1204 2814 noo

72 2833 164 2896 modo
187 2854 289 2894 verum
311 2855 373 2898 esse
397 2843 554 2916 agnoscunt
580 2837 658 2918 quod
679 2835 812 2913 docetur,
835 2835 886 2899 sed
910 2841 1064 2914 tanguntur
1088 2833 1144 2894 Dei
1169 2833 1203 2892 ti·

72 2934 157 2976 more
182 2921 214 2974 ut
238 2915 395 2976 doctrinam
418 2916 561 2998 recipiant
607 2915 779 2998 concipiunt
798 2919 874 2978 enim
893 2912 990 2977 Deum
1009 2934 1071 2976 esse
1091 2914 1203 2974 audien·
1230 2969 1232 2974 .

69 2995 161 3068 dum,
185 2995 267 3054 illum
290 3004 320 3059 et
342 2995 440 3056 saulis
465 3004 611 3057 auctorem
630 3015 691 3056 csse
711 3004 740 3056 et
758 2998 857 3058 mundi
876 2993 1007 3054 iudicem.
1047 2991 1113 3054 Non
1132 3012 1203 3073 ergo

70 3073 189 3154 fingunt
211 3084 306 3135 coram
331 3075 490 3136 bominibus
514 3075 602 3136 fidem
624 3094 698 3154 quae
721 3075 800 3136 nulla
825 3078 876 3148 sit,
900 3073 950 3132 sed
970 3074 1084 3132 credere
1103 3093 1134 3131 se
1152 3092 1204 3152 pu-

70 3161 148 3214 tant.
198 3153 294 3235 Atque
323 3155 393 3216 baec
421 3155 491 3218 lides
519 3154 690 3235 temporaria
719 3161 776 3228 eat,
809 3156 889 3215 euius
918 3153 1045 3212 meminit
1075 3150 1204 3212 Christus

72 3233 155 3314 apud
178 3233 306 3296 Marcum
329 3255 392 3318 cap.
411 3235 432 3298 4
452 3235 536 3312 (Luc.
558 3237 591 3307 8,
611 3236 688 3309 13.):
709 3234 778 3293 dum
797 3233 905 3294 scilicet
923 3229 1011 3292 Verbi
1031 3251 1127 3290 semen
1146 3233 1204 3290 ani·
1267 3238 1271 3248 ’

72 3313 132 3374 mis
156 3322 323 3397 conceptum
347 3336 417 3375 mox
435 3321 532 3376 tumen
546 3313 707 3374 ‘suffocatur
724 3314 810 3374 variis
828 3310 926 3372 mundi
946 3311 1021 3370 curis
1040 3316 1091 3370 aut
1109 3309 1206 3390 pravis

71 3391 239 3471 affectibus,
263 3401 296 3459 ui
321 3415 466 3475 uunquam
490 3399 671 3467 maturescat,
694 3394 753 3454 imo
776 3393 872 3476 potius
891 3392 922 3450 in
941 3389 1059 3450 herbam
1078 3390 1206 3450 inutilem

13 3489 16 3504 *
70 3474 237 3552 degeneret.
263 3473 339 3536 Talis
358 3495 426 3556 ergo
447 3473 502 3534 tuit
521 3472 646 3532 Simonis
665 3472 861 3534 fidesr‘sentit
879 3491 975 3533 veram
997 3490 1059 3530 esse
1079 3467 1205 3550 Evange-

69 3555 106 3613 lii
131 3551 291 3615 doctrinam
314 3563 343 3614 et
362 3555 550 3616 conscientiae
575 3572 643 3612 suae
669 3573 754 3614 seusu
777 3553 813 3612 ad
840 3571 904 3612 earn
924 3550 980 3610 reci
1001 3549 1113 3610 iendam
1132 3550 1205 3632 eogi-

69 3640 138 3704 lur‚
159 3631 209 3694 sed
230 3635 306 3694 deest
326 3633 555 3709 fundamentum,
575 3631 631 3692 hoc
650 3639 701 3706 est,
721 3633 765 3712 sui
784 3632 940 3711 abnegatio.
967 3571 1049 3690 {fade
1069 3631 1205 3710 sequitur,

70 3713 205 3772 onmium
228 3715 288 3774 eius
313 3715 491 3775 simulatione
511 3715 597 3774 luisse
616 3714 790 3788 involutum,
814 3727 901 3793 quam
920 3731 990 3772 mox
1009 3705 1111 3792 prodit.
1152 3707 1205 3768 Ve-

70 3813 143 3852 rum
164 3791 251 3853 talem
270 3793 356 3854 fuisse
375 3793 541 3875 hypocrisin
560 3795 697 3868 salernus,
722 3794 752 3854 in
772 3813 827 3874 qua
848 3811 879 3852 ac
899 3791 958 3872 ipse
978 3791 1128 3872 deceperitq
1149 3809 1205 3848 nou

69 3889 202 3930 crassam
224 3873 303 3934 illum
329 3893 386 3954 qua
411 3893 442 3934 se
463 3873 607 3934 venditant
625 3871 758 3956 Epicurei
783 3879 818 3934 et'
831 3871 951 3948 similes,
976 3870 1045 3951 quia
1064 3867 1121 3932 Dei
1140 3889 1205 3928 cou-

67 3957 219 4033 temptum
239 3953 322 4016 lateri
340 3975 398 4014 non
418 3955 531 4015 audeat.
1082 3955 1086 3970 '

157 4033 340 4114 Baptismus
363 4043 413 4096 est.
457 4033 522 4096 Hoc
540 4031 665 4094 Simonis
690 4033 822 4116 exemplo
842 4033 916 4094 clare
936 4037 1029 4112 patet,
1061 4051 1126 4090 non.
1140 4049 1205 4090 con·

65 4109 143 4171 terri
170 4113 302 4174 omnibus
332 4113 522 4175 indifferenter
542 4115 575 4188 ‘in
600 4113 745 4209 Baptismo
768 4114 901 4194 gratiam,
926 4131 999 4192 quae
1023 4103 1082 4170 illio
1105 4109 1206 4191 figura·

65 4198 131 4252 tur.
178 4183 360 4274 Pbpietarnm
384 4193 486 4276 dogma
511 4201 569 4266 est,
593 4193 653 4260 Nisi
678 4195 741 4275 quis
766 4200 855 4274 ponat
874 4191 984 4261 obicem
1003 4191 1206 4271 peccatimor-

66 4269 162 4347 leiim.
181 4293 281 4334 omnes
305 4294 371 4334 cum
397 4275 482 4356 signis
507 4274 631 4353 recipere
656 4275 805 4334 venialem
829 4278 859 4332 et
877 4269 1018 4335 ellectum.
1057 4271 1100 4334 lta
1120 4272 1205 4350 magi-

61 4368 142 4412 um
162 4352 223 4419 vim
241 4353 370 4419 tribuunt
389 4351 593 4431 sacramentis,
618 4355 699 4436 quasi
712 4353 826 4440 ¹absque
843 4351 900 4414 lide
919 4352 1037 4432 prosint.
1073 4349 1138 4415 Nos
1157 4369 1208 4408 au·
1277 4407 1279 4412 .
