2786 4866
182 179 242 240 ror
362 141 366 150 ’
449 144 455 154 ’
577 170 617 234 ιιι
636 171 740 236 aare
762 171 939 236 erosa

183 288 276 353 titudo
294 285 359 352 initq
396 287 530 368 Agendae
549 297 630 350 eraut
649 287 714 350 ileo
732 290 852 369 gratiae,
871 287 945 368 quod
964 287 1022 348 tam
1043 289 1135 352 lidum
1158 301 1311 374 patronem

183 369 215 429 in
233 366 306 450 regis
325 365 390 430 nula
409 367 543 429 dedisset:
582 368 675 430 ltloses
700 369 777 428 omni
801 387 897 427 amore
915 374 942 426 et
962 367 1142 432 observantia
1164 377 1311 436 colendus.

183 447 273 530 Areu
284 450 442 587 Iprsisirnam
461 454 490 510 ei
508 449 712 546 iniquissimam
730 449 889 508 mercedem
914 455 1049 526 reportat,
1077 450 1188 531 probra
1210 463 1243 515 et
1262 459 1311 516 mi·

183 547 244 590 nas.
314 529 395 589 einde
414 529 491 609 quod
511 529 619 590 iaemus
644 531 679 588 ad
699 547 796 607 regem
816 525 937 586 delatum
960 533 1016 599 est,
1044 529 1072 587 id
1096 533 1240 610 perfidiae
1261 557 1311 618 po

182 605 245 689 puli
263 609 402 690 imputare
421 605 561 676 convenit
592 607 840 686 Quemadmodum
860 625 926 686 ergo
944 614 1040 686 postea
1055 630 1145 688 quum
1159 615 1220 674 iarn
1232 621 1311 676 terra
1370 629 1376 640 “

183 687 299 750 Cauaau
318 689 348 748 in
368 696 522 768 conspeetu
540 695 622 762 esset,
640 687 766 768 populns
785 684 837 744 sibi
858 685 961 744 adium
980 706 1032 746 suo
1052 691 1121 748 viiio
1140 695 1308 770 praeclusit,

182 769 223 827 ite
242 787 318 828 nune
338 765 392 827 Dei
419 769 538 850 gratiam
566 769 596 826 in
621 768 704 828 unius
728 763 850 826 hominis
869 785 986 846 persona
1006 767 1168 846 repudians,
1186 778 1305 852 tempus
1380 785 1381 802 ¹

182 845 382 928 redemptionis
422 868 452 905 er
471 866 559 921 annos
580 845 763 926 quadraginta
783 845 883 906 differe.
912 841 1085 926 Quanquam
1105 849 1181 906 enim
1201 857 1304 910 statue-

182 932 227 990 mi
243 925 325 992 Deus
367 869 419 988 uirl
434 927 559 990 faetores
579 933 666 999 esset,
686 945 783 987 morae
802 931 896 984 maren
915 923 994 1006 culpa
1014 927 1044 984 in
1065 945 1118 988 eos
1137 927 1200 986 inre
1218 931 1309 988 reiiei-

183 1013 240 1082 iur,
259 1007 310 1086 qui
359 1027 428 1068 osen
448 1005 477 1064 iu
497 1027 550 1066 suo
569 1004 664 1066 officio
685 1005 842 1143 inppediunt
860 1023 893 1064 ao
910 1003 1031 1064 turbant.

267 1089 348 1159 Vtri,
376 1109 427 1146 ooo
450 1095 519 1145 estis
539 1087 663 1166 fratrer.
734 1091 761 1146 st
785 1083 898 1164 quidem
919 1085 1056 1164 generalis
1080 1085 1160 1146 inter
1180 1085 1310 1148 lrominea

182 1152 359 1239 coniunctio,
389 1172 422 1224 nt
445 1171 546 1224 mutuo
565 1165 638 1224 inter
657 1183 688 1226 se
707 1163 909 1225 hunianiiatem
925 1163 1017 1223 eolere
1042 1163 1182 1240 debeant,
1212 1175 1244 1226 et
1262 1167 1309 1226 alr

181 1247 287 1308 stinere
316 1243 351 1306 ab
376 1245 484 1306 iniuriis
507 1243 646 1316 omuibus,
676 1243 727 1304 sed
750 1241 807 1304 hoo
825 1241 959 1322 indignius
978 1262 1013 1302 ae
1031 1246 1128 1304 minus
1147 1243 1309 1322 serendum,
1380 1251 1381 1288 ³

182 1316 273 1406 quum
301 1343 333 1384 ee
362 1325 482 1384 invicem
506 1323 624 1384 laedunt
647 1323 697 1404 qui
716 1324 837 1382 amtiore
860 1321 968 1382 vinculo
996 1323 1073 1384 inter
1098 1343 1129 1382 se
1149 1331 1217 1384 sunt
1237 1345 1307 1385 een-
1380 1327 1381 1358 r

182 1405 279 1466 iuuet-i.
322 1401 398 1485 Ergo
419 1423 476 1463 nou
497 1409 606 1462 tautum
627 1403 765 1484 generalis
784 1403 857 1462 ratio
878 1421 895 1462 a
913 1399 987 1462 liam
1011 1404 1196 1482 proponitur,
1227 1424 1304 1484 quae

181 1485 218 1544 ad
237 1483 408 1565 aequitatem
427 1489 542 1544 revocet
561 1483 669 1542 animos
689 1482 809 1542 noeendi
828 1481 949 1562 cupidos,
967 1481 1016 1540 sed
1035 1483 1166 1560 cognatio
1185 1489 1217 1540 et
1235 1502 1301 1544 san.
1380 1491 1381 1566 j

131 1601 137 1622 .
181 1564 274 1648 guinis
309 1564 428 1622 societas
462 1569 701 1624 commemoratur
734 1561 769 1624 ad
799 1561 971 1624 molliendam
1000 1560 1141 1620 semaam.
1192 1559 1301 1622 Nullus
1380 1585 1381 1606 ι

180 1649 276 1704 umen
294 1643 422 1722 seqnitur
440 1641 592 1724 proiectus.
632 1638 705 1700 Nam
725 1643 775 1722 qui
794 1641 920 1709 iniuriam
936 1641 1065 1722 proximo
1084 1641 1207 1715 fenerat,
1234 1663 1304 1722 pro-

85 1777 108 1788 ..
180 1727 260 1784 terve
278 1741 312 1782 ao
330 1723 477 1782 minaciter
495 1741 561 1781 eum
580 1721 701 1803 repellit.
734 1719 841 1801 -Atque
861 1721 913 1780 hoe
927 1719 1061 1780 usitatum
1081 1727 1140 1796 est,
1170 1727 1207 1780 nt
1225 1721 1304 1780 mala

180 1803 352 1872 couscientia
370 1803 406 1862 ed
427 1801 552 1862 inrorem
576 1800 704 1861 homines
728 1800 869 1881 impellat,
898 1803 975 1880 etque
1000 1805 1035 1860 ut
1059 1801 1202 1880 cuiusque
1227 1801 1304 1866 dete

52 1909 53 1918 ¹
132 1893 133 1896 ’
180 1883 240 1942 rior
269 1888 313 1942 est
342 1902 442 1956 eansn,
471 1877 510 1942 ita
539 1881 587 1942 lile
612 1881 744 1942 audacius
769 1900 803 1956 ae
825 1879 1003 1942 truculentius
1026 1900 1060 1940 se
1084 1881 1194 1946 etleral.
1245 1879 1305 1940 Sed

180 1981 239 2102 pao
258 1961 569 2100 praetexinhaplevtepsulp
582 1959 766 2100 llpsepdtam
785 1961 980 2104 contumaeAitpr
998 1961 1139 2098 inpprgd,
1169 1959 1220 2040 qui
1244 1980 1302 2020 ma.

191 2059 437 2102 amoeniam-a
493 2083 500 2100 .
568 2060 620 2102 ea
662 2059 782 2103 turrem
812 2059 881 2100 esse.
978 2060 1007 2102 ur
1063 2058 1302 2098 osesenmnou

178 2122 355 2260 iiiiii*
372 2061 812 2260 rilislmi'ililsoeioiilim
831 2059 985 2260 ‘diiii
1010 2119 1114 2256 titi
1134 2125 1301 2258 effi

180 2279 312 2340 omnibus
331 2277 496 2360 praefractis
520 2285 549 2338 et
567 2279 753 2360 immorigeris
773 2220 919 2343 eol-imum
936 2217 1108 2349 arqliriumss
1127 2275 1297 2336 uultis'mo·

178 2359 332 2420 nitionibns
351 2358 445 2425 loeum
467 2357 533 2417 dare
551 2359 605 2418 nisi
645 2379 715 2420 uum
735 2359 764 2418 vi
783 2365 813 2418 ei
831 2359 943 2438 imperio
962 2365 1117 2438 eoguntur,
1134 2357 1191 2414 imo
1211 2353 1297 2436 phre-

178 2439 278 2498 neticis
298 2445 364 2498 suut
383 2437 487 2496 similes
508 2439 556 2516 qui
576 2379 700 2501 melicos
725 2457 792 2498 suos
818 2437 919 2500 furiose
941 2439 1092 2518 impetunt.
1140 2431 1208 2513 Quo
1237 2456 1302 2496 ma·

178 2519 221 2602 gis
240 2515 410 2582 studendum
430 2523 475 2575 est
493 2511 634 2576 frenandis
654 2517 758 2578 nostris
779 2517 987 2598 eupiditatrlrus,
1016 2536 1053 2578 ue
1077 2517 1118 2576 ita
1140 2533 1227 2574 eneae
1247 2515 1305 2574 im·

129 2649 133 2664 ,
177 2603 248 2676 potu
273 2615 391 2690 ruamus
419 2595 553 2660 adversus
582 2615 632 2657 eos
661 2597 712 2676 qni
736 2617 835 2656 sanare
858 2603 948 2658 nostra
967 2597 1037 2656 vitia
1061 2596 1189 2691 eupiunt.
1222 2595 1304 2692 'lito-

176 2671 745 2816 &inimititiarum
761 2673 1305 2840 fflidiffissd'ssiidssffi

176 2831 241 2892 iude
261 2829 413 2911 perierant,
437 2831 556 2894 subeant
573 2835 677 2894 multas
697 2837 827 2911 offensas,
856 2838 886 2897 in
900 2835 1026 2918 pericula
1044 2835 1201 2908 temnant,
1242 2853 1303 2893 rae-

175 2911 273 2970 eerlim
292 2909 513 2970 benefaciendo
537 2913 611 2973 male
633 2915 756 2976 audiant⁴
806 2915 864 2978 Sed
889 2915 990 2980 horum
1014 2914 1156 2976 malorum
1183 2855 1303 2994 indigui-

174 2995 220 3084 ιιι
249 2989 304 3050 illis
328 2989 571 3078 resixderoranda⁹
601 3013 637 3054 ne
656 3002 807 3076 propterea
827 3017 904 3079 agere
923 2995 1065 3070 desinant,
1095 2995 1303 3075 quodlsraiunt

174 3067 264 3130 nrbi'a
285 3067 410 3148 Domino
429 3091 491 3131 esse
516 3073 680 3134 mandatum
709 3095 742 3135 ac
767 3079 881 3156 proinde
906 3079 932 3136 ei
955 3075 1077 3158 probari.
1126 3073 1229 3134 Annei
1252 3093 1302 3134 ea·

172 3149 281 3222 lumnia
300 3149 348 3210 hie
365 3156 500 3232 gravatur
519 3151 628 3230 llinses,
657 3157 742 3236 quod
759 3158 803 3216 ius
828 3157 958 3236 principis
977 3156 1030 3214 sibi
1048 3160 1182 3234 usurpet,
1211 3159 1302 3234 atque

174 3229 231 3292 lroe
257 3231 344 3291 modo
375 3231 480 3306 nrinreu
511 3231 603 3292 laesae
631 3233 783 3299 maiestatis
813 3237 854 3296 illi
880 3235 1042 3296 intenditur.
1088 3231 1204 3294 Deinde
1233 3253 1301 3314 pre-

173 3309 256 3371 brose
284 3311 325 3370 iili
355 3310 497 3384 obiicitur,
522 3311 599 3390 quod
628 3313 664 3373 de
692 3313 807 3376 immine
824 3315 966 3396 Aegyptio
986 3313 1139 3374 uindictam
1170 3332 1301 3392 sumpse·

172 3391 222 3450 rit.
268 3389 428 3472 Uirumque
447 3389 530 3452 ualde
551 3392 682 3454 odiosum
700 3403 774 3454 erat:
804 3396 876 3456 unde
893 3395 1028 3476 rolligere
1047 3393 1123 3464 lieet,
1142 3410 1231 3472 quam
1250 3410 1301 3471 pe·

171 3469 294 3530 rieulosa
313 3473 468 3530 tentatione
479 3467 634 3552 'perculsus
653 3471 739 3534 luerit
757 3477 847 3535 saneti
866 3475 916 3536 riri
935 3475 1055 3536 animur.
1086 3469 1188 3550 Quum
1203 3477 1303 3530 autem

172 3547 302 3608 videmus
320 3567 413 3630 neque
433 3551 655 3634 exsilio‚.neque
674 3551 736 3612 aliis
755 3553 836 3614 unalis
856 3555 938 3616 inisse
959 3553 1131 3625 iraetum‚ui
1145 3571 1213 3610 eum
1223 3557 1302 3610 reete

171 3625 270 3688 iecisse
300 3631 471 3708 poeniteret,
502 3651 554 3690 uos
579 3652 694 3712 quoque
719 3633 779 3694 eius
805 3633 933 3716 exemplo
958 3631 1100 3692 diseamus
1119 3635 1220 3690 eontra
1239 3649 1303 3689 om·

169 3725 225 3848 lrpep¹
242 3707 405 3768 huiusmodi
419 3707 543 3772 Serenae
562 3709 706 3774 machinas
725 3712 840 3776 firmum
857 3721 885 3780 ol
903 3709 1153 3794 inexpugnabilem
1172 3711 1302 3771 animum

189 3806 282 3848 aere.

217 3898 220 3905 Ι
255 3935 309 4001 30.
353 3931 396 4002 Et
424 3935 557 4028 expletis¹
578 3911 666 4006 eurus
690 3941 903 4034 quadraginta,
935 3939 1023 4008 visus
1051 3946 1101 4005 est
1127 3934 1172 4002 illi
1194 3933 1229 4002 in
1252 3935 1300 4002 de

47 4059 52 4069 ·
169 4047 253 4106 nerto
274 4040 393 4106 montis
414 4043 490 4110 Sina
512 4039 652 4134 Arrgolus
675 4045 806 4116 Domini
827 4048 857 4114 in
880 4047 1028 4116 flammeo
1050 4041 1198 4110 incendio
1221 4039 1300 4110 ruhi.

169 4141 223 4209 31.
244 4141 353 4212 Moses
374 4167 450 4213 vero
473 4158 510 4214 ut
531 4147 618 4230 vidit,
640 4151 809 4220 admiratus
826 4165 873 4221 est
889 4151 1056 4219 visionem.
1083 4147 1187 4215 Porro
1199 4169 1300 4240 quum

168 4247 329 4316 secederet
360 4251 399 4316 ad
426 4250 706 4344 considerandum,
735 4259 814 4328 iacta
835 4269 884 4348 est
904 4257 945 4324 od
967 4277 1042 4326 eum
1064 4277 1130 4325 vox
1152 4251 1300 4324 Domini:
