2786 4866
90 261 99 270 .
171 209 229 276 124
568 197 609 261 ΙΝ
627 193 732 262 ACTA
751 195 909 259 apost.-

169 347 228 387 non
247 319 333 382 modo
354 320 420 399 quia
440 336 474 378 aa
495 317 555 376 eloe
579 335 689 396 semper
708 315 825 374 comites
845 309 940 370 habuit
957 317 986 372 et
1042 318 1085 374 esi
1106 321 1306 414 apparitores,

170 405 219 464 red
239 401 316 482 quod
336 399 385 458 illa
404 339 503 478 pepedi
523 395 679 476 redemptio
700 401 823 457 nostram
844 391 968 470 otnnium
986 333 1188 472 addmbravrt,
1221 405 1305 462 carim

170 501 254 551 eausa
273 479 426 540 mittendus
445 483 506 535 erat
526 475 655 536 Christus
673 494 689 534 a
708 472 808 545 Patra,
837 476 869 530 ut
889 471 1005 530 sormam
1023 477 1100 536 servi
1120 495 1193 570 epm
1215 499 1305 542 cam,

169 569 267 626 nostra
295 559 431 618 indueret.
482 555 599 616 Certum
641 554 733 614 uidem
758 559 816 624 est,
847 548 940 610 Deum
963 549 1122 615 hominibus
1143 577 1303 639 nunquam

169 641 331 723 apparuisse
352 629 443 717 qualis
462 641 514 709 est,
534 633 583 693 sed
602 653 635 693 su
673 633 766 714 specie
786 630 890 709 aliqua,
907 649 979 708 quae
998 651 1097 693 eorum
1116 641 1217 718 captui
1229 657 1302 700 con.

170 725 297 802 grueret!
312 717 377 790 Alia
397 723 500 787 lernen,
520 721 552 774 ut
572 711 639 784 dixi,
658 713 687 771 in
707 711 821 772 Christo
841 710 957 768 nominis
977 713 1050 770 ratio
1068 721 1126 790 est,
1145 718 1226 795 quod
1248 739 1299 778 ae.

169 807 252 861 terno
271 797 364 856 Patris
384 794 502 870 consilio
523 793 677 852 destinatus
696 789 856 852 homiuibus
875 789 968 848 salutis
988 791 1133 868 minister,
1161 797 1192 854 iu
1215 797 1297 860 hunc

169 879 257 940 finem
277 876 349 936 lilasi
369 876 506 956 aptaret:
544 870 643 952 Neque
670 865 737 930 berle
756 869 897 929 doctrinae
914 878 1055 948 repugnat
1075 875 1155 952 quod
1175 873 1299 938 habetur

169 958 256 1019 llcbr.
277 962 305 1026 2,
326 958 384 1029 iii,
406 897 549 1012 blainum
569 970 715 1030 nunquam
735 949 886 1086 sumpsisse
903 947 1016 1027 angelos
1038 951 1091 1010 sed
1101 953 1237 1015 Abrabae
1257 977 1301 1016 se.

169 1059 245 1100 men.
279 1035 409 1096 'Tametsi
428 1035 503 1092 enim
521 1031 615 1112 angeli
635 1031 792 1110 speciema
829 1033 938 1108 tempus
954 1027 1065 1106 induit,
1086 1051 1241 1112 nunqnam
1261 1043 1303 1094 aa.

169 1139 236 1182 men
256 1115 411 1194 angelicam
431 1113 554 1192 suscepit
572 1117 717 1183 naturam,
738 1103 967 1188 quemadmodum
988 1110 1098 1168 scimus
1119 1131 1190 1171 vere
1210 1114 1303 1174 bomi-

168 1219 235 1260 nem
255 1199 361 1256 iactum
380 1212 449 1254 esse.
489 1189 589 1250 Restat
608 1195 642 1250 ut·
660 1188 767 1270 aliquid
787 1187 822 1246 de
839 1187 909 1246 aas
926 1188 1043 1248 ardente·
1064 1189 1206 1251 dicamne.
1238 1191 1302 1254 Tri·

168 1285 230 1340 tum
250 1281 297 1337 est
312 1271 391 1346 illud,
410 1269 506 1333 Deum
526 1264 706 1342 similitudine
726 1267 848 1348 quadarn
867 1261 943 1329 rebus
962 1267 1044 1346 sigua
1064 1275 1175 1348 aptare.
1197 1273 1301 1352 Atque

168 1355 240 1415 haec
258 1354 316 1414 iere
336 1352 494 1412 communis
518 1355 561 1408 cst
580 1346 828 1408 sacramentorum
851 1345 928 1407 ratio.
974 1343 1067 1406 Porro
1097 1348 1171 1408 nibil
1202 1353 1298 1431 magis
1381 1359 1382 1382 ³

168 1435 330 1515 appositum
350 1429 460 1490 ostendi
480 1427 553 1487 Masi
571 1429 665 1507 potuit
683 1427 719 1486 ad
739 1424 950 1496 confirmandam
969 1425 1029 1484 eius
1049 1426 1136 1486 iidem
1156 1429 1186 1486 in
1206 1449 1292 1510 prae·
1381 1455 1382 1460 ¹

168 1513 241 1576 senti
264 1511 388 1591 negotio.
428 1508 542 1571 Sciebat
565 1508 596 1566 in
620 1526 678 1586 quo
703 1513 778 1566 statu
801 1513 910 1588 geniem
926 1523 1003 1564 suam
1022 1506 1191 1586 reliquisset.
1233 1507 1291 1568 Ta·
1381 1523 1382 1564 t

167 1593 250 1654 metsl
269 1591 368 1672 iugens
388 1595 463 1650 esset
482 1588 629 1648 hominum
649 1606 797 1658 numerus,
817 1591 878 1646 erat
896 1591 983 1642 umen
1002 1583 1072 1644 rubo
1092 1606 1151 1644 non
1173 1586 1293 1650 absimt.

166 1673 209 1733 lis.
259 1669 333 1730 Nam
363 1677 396 1728 ut
424 1667 512 1730 rubus
536 1687 594 1746 quo
620 1667 732 1725 densior
756 1670 800 1724 cst
828 1671 858 1722 et
881 1665 1021 1742 compactis
1046 1663 1174 1724 arbustis
1198 1670 1296 1747 magis

167 1747 300 1824 abundat,
320 1769 355 1810 eo
375 1749 411 1808 ad
431 1744 573 1808 flammam
592 1743 787 1826 excipiendam
806 1763 834 1804 m
870 1743 894 1802 is
909 1743 1120 1818 est-obnoxius,
1141 1752 1177 1805 ut
1196 1747 1295 1806 incen-

45 1878 53 1894 .
81 1891 90 1918 ἱ
167 1831 247 1894 dium
266 1851 318 1912 per
337 1849 435 1890 omnes
456 1835 549 1908 partes
569 1827 725 1908 grassetur:
754 1825 794 1884 ita
818 1824 845 1883 iu
859 1841 923 1882 erma
938 1830 998 1881 erat
1019 1824 1124 1904 populi
1144 1823 1296 1886 israelitici

166 1931 268 1972 manus
288 1909 325 1974 ad
345 1928 442 1970 omnes
461 1907 576 1969 iniurias
595 1907 734 1986 exposita,
754 1909 783 1963 et
802 1922 853 1962 sna
873 1901 942 1982 qnasi
961 1902 1041 1960 male
1052 1911 1173 1982 gravata
1193 1905 1294 1966 imbel-

166 1991 202 2051 lis
221 1987 371 2050 multitudo
382 1987 537 2050 Pharaonis
556 1988 701 2046 saevitiam
720 1989 830 2044 tantum
849 2001 976 2064 prospero
992 1983 1140 2042 crescendi
1155 2003 1294 2045 successu
1381 2013 1382 2030 ι

167 2069 342 2130 accenderat.
381 2067 458 2148 Ergo
478 2066 604 2148 populns¹
621 2065 680 2125 dira
699 2063 847 2141 tyrannide
873 2079 1016 2144 oppressus
1035 2063 1125 2122 veluti
1145 2059 1293 2142 quaedam

167 2150 236 2231 ligni
255 2149 399 2228 congeries
424 2153 467 2207 est
491 2145 620 2208 incendio
646 2143 750 2223 ubique
774 2149 913 2221 correpta,
936 2161 992 2200 nec
1017 2143 1168 2220 quicquam
1189 2143 1291 2204 obstat

167 2231 320 2310 quominus
344 2229 373 2288 in
397 2229 520 2286 cinerem
539 2245 608 2286 mox
632 2224 786 2302 redigatur,
815 2221 870 2282 nisi
893 2222 950 2302 quia
969 2217 1107 2280 Dominus
1130 2221 1160 2279 in
1186 2221 1286 2281 medio
1381 2255 1382 2276 t

165 2313 226 2370 eius
256 2309 343 2379 sedet.
392 2303 566 2384 Quanquam
590 2309 684 2362 autern
710 2303 838 2360 insolitus
858 2301 1098 2380 persequutiouunr
1122 2299 1193 2379 ignis
1212 2307 1312 2360 tune'

165 2387 316 2468 flagrabat,
346 2387 411 2466 quia
437 2391 530 2443 tamen
549 2379 673 2441 Ecclesia
693 2377 749 2440 Dei
771 2401 915 2464 'nunquam
932 2379 967 2438 ab
987 2379 1184 2439 afflictionibus
1203 2401 1288 2460 pror·
1381 2375 1382 2440 l

165 2487 214 2528 sus
243 2467 376 2526 immunis
405 2469 435 2524 at
464 2463 550 2520 libera
579 2467 623 2520 est
651 2461 680 2518 iu
704 2460 825 2535 scando,
855 2460 898 2520 bio
919 2466 1054 2542 perpetua
1080 2461 1143 2524 eius
1160 2459 1291 2518 conditio
1381 2453 1382 2470 ¹

165 2533 376 2626 quodammodo
406 2541 516 2621 depicta
539 2545 591 2598 est.
641 2537 717 2622 Quid
742 2541 818 2600 enim
842 2537 911 2600 aliud
929 2559 1027 2598 sumus
1047 2560 1137 2619 quam
1156 2541 1293 2599 llammae

164 2624 320 2761 iiiiii?
342 2615 831 2764 transmittebat
838 2615 1084 2760 bilibit
1102 2621 1291 2759 attilii

162 2723 254 2840 ¹³1datia
272 2799 325 2837 nos
345 2798 363 2838 a
382 2719 597 2858 consiimptione
617 2742 752 2838 medicat,
764 2799 798 2840 ac
817 2723 912 2840 tuetdr.
962 2779 1071 2838 Ardere
1095 2797 1167 2858 ergo
1191 2721 1291 2838 decen*

163 2802 242 2918 dium
261 2875 376 2918 necesse
396 2863 453 2932 cst,
484 2858 561 2952 quod
584 2859 614 2930 in
634 2857 687 2918 bac
706 2861 764 2920 vita
782 2880 835 2919 uos
856 2864 919 2918 urat.
969 2855 1028 2916 Sed
1052 2859 1121 2936 quia
1141 2857 1288 2918 Dominus

162 2939 192 2998 in
212 2937 305 2996 medio
324 2939 415 2998 nostri
435 2935 554 3010 babrtat,
583 2935 686 2998 efficiet
714 2960 749 3000 ne
773 2939 841 3020 quid
866 2936 1023 2998 aiffietiones
1049 2936 1133 2996 uobis
1153 2943 1289 3012 noceant,

162 3016 402 3098 quemadmodum
423 3018 508 3078 etiam
528 3015 643 3080 Psalmo
663 3018 711 3092 46,
731 3021 758 3083 o.
779 3019 885 3078 dicitur.

240 3095 288 3176 312
317 3099 506 3159 'Admiratus
524 3108 570 3158 est
585 3105 732 3160 uisionon.
776 3097 900 3160 Sciamus
922 3099 963 3158 ita
982 3095 1079 3157 Deum
1105 3115 1173 3156 cum
1199 3097 1287 3178 patri

160 3173 215 3238 bus
234 3196 317 3258 agere
336 3178 452 3238 solitum
471 3177 566 3250 fuisse,
586 3185 618 3237 ut
637 3186 715 3238 certo
735 3179 794 3238 cius
814 3181 983 3240 maiestatem
1003 3183 1205 3260 agnoscerent:
1235 3196 1287 3234 vo·
1379 3237 1380 3240 ,

160 3255 214 3318 luit
233 3259 309 3318 enim
328 3258 436 3318 clarum
456 3277 517 3318 csse
538 3255 688 3317 discrimen
707 3257 780 3318 iuter
800 3260 916 3318 visiones
936 3277 1007 3340 quas
1027 3256 1168 3338 praebuit,
1188 3261 1218 3315 et
1233 3251 1288 3315 Sa-

133 3341 243 3400 .tauae
271 3339 375 3418 praesti
396 3339 444 3398 ias.
494 3335 590 3416 Atque
615 3337 685 3396 baec
709 3335 847 3398 certitudo
864 3337 927 3420 plus
947 3357 1034 3418 qnam
1054 3337 1214 3396 necessaria
1233 3341 1287 3396 esc

120 3463 125 3468 .
159 3413 257 3494 Quam
277 3417 352 3478 enim
401 3417 478 3496 'oqui
497 3415 584 3476 fidem
605 3415 738 3476 baberent
758 3415 812 3476 Dei
833 3417 958 3492 oracula,
988 3415 1092 3498 quibus
1116 3415 1219 3478 socom
1240 3433 1287 3474 ae-

158 3503 257 3558 ternae
276 3499 351 3556 vitae
371 3497 549 3556 continetur?
587 3495 664 3576 Ergo
682 3517 779 3578 ¹quum
803 3495 870 3558 baec
898 3497 960 3556 sola
990 3499 1025 3557 sit
1049 3517 1119 3556 vera
1143 3495 1212 3555 fidei
1230 3494 1286 3553 iul·

86 3633 92 3642 ,
158 3581 233 3652 tura,
252 3573 347 3635 Deum
369 3573 474 3636 habere
496 3581 656 3652 auctorem,
685 3583 919 3652 recessesunt
943 3577 1056 3636 indubie
1079 3593 1110 3634 se
1135 3593 1204 3634 eum
1222 3592 1287 3633 esse

157 3662 309 3730 monstret,
362 3657 390 3716 ui
418 3657 551 3736 loquitur.
602 3655 712 3722 Deinde
756 3657 849 3716 nando
871 3676 984 3738 semper
1002 3653 1167 3715 obambulat
1185 3651 1286 3726 Satan,

157 3741 186 3794 et
205 3735 283 3794 miris
303 3737 356 3794 arti
376 3757 410 3794 us
429 3755 461 3795 ee
480 3735 605 3796 insinuat
623 3743 722 3818 totque
736 3679 827 3798 itabat
845 3737 958 3798 fallendi
978 3733 1095 3806 modos,
1115 3734 1285 3813 praesertim

156 3833 226 3874 vero
245 3813 302 3875 Dei
321 3835 427 3876 nomen
446 3813 582 3874 fallaciter
603 3815 747 3891 obtendit,
774 3817 870 3878 sedulo
895 3815 931 3876 ab
956 3815 1016 3874 eius
1033 3811 1161 3873 ludibriis
1182 3829 1286 3874 cevm-

155 3891 225 3954 dum
244 3901 297 3954 est.
335 3893 473 3956 Videmus
495 3901 526 3952 nt
545 3893 614 3954 olim
634 3902 731 3976 gentes
752 3917 847 3958 ornnes
867 3903 896 3957 et
915 3894 1046 3976 Papisius
1070 3893 1155 3952 etiam
1174 3889 1286 3952 toene

137 3967 261 4034 ‚Omnia
281 3975 609 4056 enimsnperstitionum
629 3983 774 4054 portenta,
804 3977 896 4037 omnia
915 3994 1047 4036 errorum
1067 3971 1181 4046 deliria,
1211 3989 1287 4052 quae

155 4049 225 4110 olim
244 4051 358 4132 {uerunt
377 4061 407 4114 et
426 4055 510 4114 hodic
530 4051 623 4112 adhuc
642 4062 761 4134 regnent
780 4057 832 4116 sub
850 4055 977 4136 Papatu,
1007 4073 1044 4113 ex
1065 4051 1192 4124 somniis,
1223 4069 1285 4132 spe

154 4128 222 4190 ciuis
250 4135 281 4189 ct
306 4131 383 4191 lalus
407 4132 626 4195 revelationibus
650 4140 717 4193 nata
742 4141 817 4197 sunt
865 4133 1056 4212 Quinetiam
1079 4128 1286 4212 Anabaptistae

59 4270 64 4280 ,
152 4213 219 4270 enas
247 4207 393 4271 illusiones
421 4211 535 4274 babent.
574 4209 651 4293 Ergo
677 4215 793 4274 unicum
817 4215 872 4274 hoc
896 4211 1053 4274 remedium
1071 4215 1125 4282 cst,
1146 4215 1181 4271 ut
1200 4211 1285 4269 certis

151 4288 228 4346 notis
238 4285 318 4346 Deua
338 4309 410 4368 quae
429 4291 545 4372 praebet
565 4291 687 4352 visiones
706 4293 845 4372 insigniat.
875 4291 957 4353 Tunc
975 4293 1052 4353 enim
1065 4295 1152 4352 exim
1172 4285 1286 4350 emendi

152 4365 311 4445 periculum
330 4383 437 4444 sumus,
468 4389 558 4448 quum
578 4388 660 4432 suam
676 4373 857 4435 maiestatem
874 4371 957 4434 nobis
974 4369 1118 4454 pateiecit.
1160 4367 1225 4431 Hac
1242 4385 1284 4428 ra·
