<?xml version="1.0" encoding="UTF-8"?>
<!DOCTYPE html PUBLIC "-//W3C//DTD XHTML 1.0 Transitional//EN"
    "http://www.w3.org/TR/xhtml1/DTD/xhtml1-transitional.dtd">
<html xmlns="http://www.w3.org/1999/xhtml" xml:lang="en" lang="en">
 <head>
  <title>
</title>
<meta http-equiv="Content-Type" content="text/html;charset=utf-8" />
  <meta name='ocr-system' content='tesseract 3.04.00' />
  <meta name='ocr-capabilities' content='ocr_page ocr_carea ocr_par ocr_line ocrx_word'/>
</head>
<body>
  <div class='ocr_page' id='page_1' title='image "./innovumtestamen00tholgoog_0664.png"; bbox 0 0 2742 4856; ppageno 0'>
   <div class='ocr_carea' id='block_1_1' title="bbox 506 179 1191 292">
    <p class='ocr_par' dir='ltr' id='par_1_1' title="bbox 506 179 1191 292">
     <span class='ocr_line' id='line_1_1' title="bbox 506 179 1191 292; baseline 0.001 -12"><span class='ocrx_word' id='word_1_1' title='bbox 506 217 635 282; x_wconf 81' lang='lat' dir='ltr'><strong>carun</strong></span> <span class='ocrx_word' id='word_1_2' title='bbox 653 219 732 283; x_wconf 84' lang='lat' dir='ltr'><strong>xm.</strong></span> <span class='ocrx_word' id='word_1_3' title='bbox 794 228 799 243; x_wconf 65' lang='lat'>¹</span> <span class='ocrx_word' id='word_1_4' title='bbox 882 179 884 186; x_wconf 63' lang='grc'>’</span> <span class='ocrx_word' id='word_1_5' title='bbox 1131 227 1191 292; x_wconf 70' lang='lat'><strong>251</strong></span> 
     </span>
    </p>
   </div>
   <div class='ocr_carea' id='block_1_2' title="bbox 64 329 1287 2656">
    <p class='ocr_par' dir='ltr' id='par_1_2' title="bbox 64 329 1196 1056">
     <span class='ocr_line' id='line_1_2' title="bbox 64 329 1194 418; baseline 0.008 -23"><span class='ocrx_word' id='word_1_6' title='bbox 64 336 96 395; x_wconf 89' lang='lat' dir='ltr'><strong>in</strong></span> <span class='ocrx_word' id='word_1_7' title='bbox 115 329 194 415; x_wconf 67' lang='lat' dir='ltr'><strong>laga</strong></span> <span class='ocrx_word' id='word_1_8' title='bbox 211 349 280 392; x_wconf 83' lang='lat' dir='ltr'><strong>anos</strong></span> <span class='ocrx_word' id='word_1_9' title='bbox 299 330 463 412; x_wconf 82' lang='lat' dir='ltr'><strong>baptismos,</strong></span> <span class='ocrx_word' id='word_1_10' title='bbox 482 334 533 414; x_wconf 76' lang='lat' dir='ltr'><strong>unt</strong></span> <span class='ocrx_word' id='word_1_11' title='bbox 551 341 580 396; x_wconf 85' lang='lat' dir='ltr'><strong>et</strong></span> <span class='ocrx_word' id='word_1_12' title='bbox 598 337 653 416; x_wconf 81' lang='lat' dir='ltr'><strong>ipsi</strong></span> <span class='ocrx_word' id='word_1_13' title='bbox 671 336 862 418; x_wconf 62' lang='lat' dir='ltr'><strong>mennas</strong></span> <span class='ocrx_word' id='word_1_14' title='bbox 880 338 1015 410; x_wconf 69' lang='lat' dir='ltr'><strong>meroida</strong></span> <span class='ocrx_word' id='word_1_15' title='bbox 1033 345 1125 417; x_wconf 73' lang='lat' dir='ltr'><strong>eant,</strong></span> <span class='ocrx_word' id='word_1_16' title='bbox 1144 342 1194 404; x_wconf 83' lang='lat' dir='ltr'><strong>red</strong></span> 
     </span>
     <span class='ocr_line' id='line_1_3' title="bbox 64 411 1195 501; baseline 0.008 -27"><span class='ocrx_word' id='word_1_17' title='bbox 64 413 188 474; x_wconf 86' lang='lat' dir='ltr'><strong>loannes</strong></span> <span class='ocrx_word' id='word_1_18' title='bbox 205 411 276 472; x_wconf 86' lang='lat' dir='ltr'><strong>nori</strong></span> <span class='ocrx_word' id='word_1_19' title='bbox 294 415 324 472; x_wconf 89' lang='lat' dir='ltr'><strong>et</strong></span> <span class='ocrx_word' id='word_1_20' title='bbox 342 411 448 472; x_wconf 75' lang='lat' dir='ltr'><strong>mentiti</strong></span> <span class='ocrx_word' id='word_1_21' title='bbox 467 411 599 494; x_wconf 90' lang='lat' dir='ltr'><strong>baptismi</strong></span> <span class='ocrx_word' id='word_1_22' title='bbox 617 423 717 478; x_wconf 85' lang='lat' dir='ltr'><strong>anatur</strong></span> <span class='ocrx_word' id='word_1_23' title='bbox 736 417 791 478; x_wconf 86' lang='lat' dir='ltr'><strong>luit</strong></span> <span class='ocrx_word' id='word_1_24' title='bbox 809 416 856 478; x_wconf 87' lang='lat' dir='ltr'><strong>rel</strong></span> <span class='ocrx_word' id='word_1_25' title='bbox 874 418 970 498; x_wconf 84' lang='lat' dir='ltr'><strong>potius</strong></span> <span class='ocrx_word' id='word_1_26' title='bbox 988 420 1125 496; x_wconf 79' lang='lat' dir='ltr'><strong>minister,</strong></span> <span class='ocrx_word' id='word_1_27' title='bbox 1144 423 1195 501; x_wconf 88' lang='lat' dir='ltr'><strong>qni</strong></span> 
     </span>
     <span class='ocr_line' id='line_1_4' title="bbox 66 489 1194 582; baseline 0.007 -28"><span class='ocrx_word' id='word_1_28' title='bbox 66 512 148 576; x_wconf 83' lang='lat' dir='ltr'><strong>spem</strong></span> <span class='ocrx_word' id='word_1_29' title='bbox 166 489 376 552; x_wconf 69' lang='lat' dir='ltr'><strong>instaurationis</strong></span> <span class='ocrx_word' id='word_1_30' title='bbox 396 490 444 550; x_wconf 91' lang='lat' dir='ltr'><strong>din</strong></span> <span class='ocrx_word' id='word_1_31' title='bbox 464 499 592 572; x_wconf 88' lang='lat' dir='ltr'><strong>speratae</strong></span> <span class='ocrx_word' id='word_1_32' title='bbox 612 501 641 555; x_wconf 89' lang='lat' dir='ltr'><strong>et</strong></span> <span class='ocrx_word' id='word_1_33' title='bbox 659 495 830 557; x_wconf 71' lang='lat' dir='ltr'><strong>desideratae</strong></span> <span class='ocrx_word' id='word_1_34' title='bbox 849 495 963 558; x_wconf 72' lang='lat' dir='ltr'><strong>lauerat</strong></span> <span class='ocrx_word' id='word_1_35' title='bbox 983 495 1084 578; x_wconf 80' lang='lat' dir='ltr'><strong>Quum</strong></span> <span class='ocrx_word' id='word_1_36' title='bbox 1102 501 1194 582; x_wconf 76' lang='lat' dir='ltr'><strong>dupli·</strong></span> 
     </span>
     <span class='ocr_line' id='line_1_5' title="bbox 65 573 1195 658; baseline 0.007 -26"><span class='ocrx_word' id='word_1_37' title='bbox 65 594 161 632; x_wconf 81' lang='lat' dir='ltr'><strong>amona</strong></span> <span class='ocrx_word' id='word_1_38' title='bbox 177 577 373 652; x_wconf 72' lang='lat' dir='ltr'><strong>poenitentioe</strong></span> <span class='ocrx_word' id='word_1_39' title='bbox 392 577 484 644; x_wconf 81' lang='lat' dir='ltr'><strong>vocat,</strong></span> <span class='ocrx_word' id='word_1_40' title='bbox 503 592 563 634; x_wconf 93' lang='lat' dir='ltr'><strong>nou</strong></span> <span class='ocrx_word' id='word_1_41' title='bbox 582 573 707 636; x_wconf 73' lang='lat' dir='ltr'><strong>excludit</strong></span> <span class='ocrx_word' id='word_1_42' title='bbox 725 581 905 658; x_wconf 72' lang='lat' dir='ltr'><strong>pennatorum</strong></span> <span class='ocrx_word' id='word_1_43' title='bbox 921 579 1124 656; x_wconf 71' lang='lat' dir='ltr'><strong>remissionem,</strong></span> <span class='ocrx_word' id='word_1_44' title='bbox 1144 577 1195 641; x_wconf 86' lang='lat' dir='ltr'><strong>sed</strong></span> 
     </span>
     <span class='ocr_line' id='line_1_6' title="bbox 65 650 1194 794; baseline 0.007 -83"><span class='ocrx_word' id='word_1_45' title='bbox 65 651 195 731; x_wconf 84' lang='lat' dir='ltr'><strong>loquitur</strong></span> <span class='ocrx_word' id='word_1_46' title='bbox 287 650 496 710; x_wconf 81' lang='lat' dir='ltr'><strong>oimnrnstantia</strong></span> <span class='ocrx_word' id='word_1_47' title='bbox 515 651 580 726; x_wconf 78' lang='lat' dir='ltr'><strong>tou,</strong></span> <span class='ocrx_word' id='word_1_48' title='bbox 599 655 678 733; x_wconf 89' lang='lat' dir='ltr'><strong>quod</strong></span> <span class='ocrx_word' id='word_1_49' title='bbox 696 655 852 794; x_wconf 78' lang='lat' dir='ltr'><strong>baptismus</strong></span> <span class='ocrx_word' id='word_1_50' title='bbox 869 655 924 717; x_wconf 89' lang='lat' dir='ltr'><strong>iate</strong></span> <span class='ocrx_word' id='word_1_51' title='bbox 942 660 1119 739; x_wconf 69' lang='lat' dir='ltr'><strong>praeparatio</strong></span> <span class='ocrx_word' id='word_1_52' title='bbox 1133 659 1194 720; x_wconf 83' lang='lat' dir='ltr'><strong>sne·</strong></span> 
     </span>
     <span class='ocr_line' id='line_1_7' title="bbox 65 727 1196 818; baseline 0.009 -27"><span class='ocrx_word' id='word_1_53' title='bbox 65 733 105 791; x_wconf 88' lang='lat' dir='ltr'><strong>rit</strong></span> <span class='ocrx_word' id='word_1_54' title='bbox 129 729 166 790; x_wconf 92' lang='lat' dir='ltr'><strong>ad</strong></span> <span class='ocrx_word' id='word_1_55' title='bbox 191 728 216 790; x_wconf 85' lang='lat' dir='ltr'>C</span> <span class='ocrx_word' id='word_1_56' title='bbox 252 730 299 788; x_wconf 86' lang='lat' dir='ltr'><strong>‘sti</strong></span> <span class='ocrx_word' id='word_1_57' title='bbox 325 727 421 790; x_wconf 89' lang='lat' dir='ltr'><strong>fidem.</strong></span> <span class='ocrx_word' id='word_1_58' title='bbox 464 728 502 790; x_wconf 86' lang='lat' dir='ltr'><strong>Et</strong></span> <span class='ocrx_word' id='word_1_59' title='bbox 525 733 651 794; x_wconf 85' lang='lat' dir='ltr'><strong>notanda</strong></span> <span class='ocrx_word' id='word_1_60' title='bbox 674 741 718 794; x_wconf 91' lang='lat' dir='ltr'><strong>est</strong></span> <span class='ocrx_word' id='word_1_61' title='bbox 755 735 889 816; x_wconf 85' lang='lat' dir='ltr'><strong>oquntio‚</strong></span> <span class='ocrx_word' id='word_1_62' title='bbox 918 736 997 816; x_wconf 85' lang='lat' dir='ltr'><strong>qnod</strong></span> <span class='ocrx_word' id='word_1_63' title='bbox 1011 740 1196 818; x_wconf 80' lang='lat' dir='ltr'><strong>praedicavit</strong></span> 
     </span>
     <span class='ocr_line' id='line_1_8' title="bbox 66 811 1195 893; baseline 0.01 -26"><span class='ocrx_word' id='word_1_64' title='bbox 66 811 253 890; x_wconf 54' lang='lat' dir='ltr'><strong>baptismum</strong></span> <span class='ocrx_word' id='word_1_65' title='bbox 347 827 496 869; x_wconf 87' lang='lat' dir='ltr'><strong>monemur</strong></span> <span class='ocrx_word' id='word_1_66' title='bbox 513 816 583 872; x_wconf 82' lang='lat' dir='ltr'><strong>tuno</strong></span> <span class='ocrx_word' id='word_1_67' title='bbox 601 814 655 874; x_wconf 85' lang='lat' dir='ltr'><strong>rite</strong></span> <span class='ocrx_word' id='word_1_68' title='bbox 674 811 862 875; x_wconf 87' lang='lat' dir='ltr'><strong>administrari</strong></span> <span class='ocrx_word' id='word_1_69' title='bbox 882 813 1079 893; x_wconf 75' lang='lat' dir='ltr'><strong>Sacramenta,</strong></span> <span class='ocrx_word' id='word_1_70' title='bbox 1144 837 1195 878; x_wconf 89' lang='lat' dir='ltr'><strong>nm</strong></span> 
     </span>
     <span class='ocr_line' id='line_1_9' title="bbox 67 887 1195 979; baseline 0.007 -29"><span class='ocrx_word' id='word_1_71' title='bbox 67 889 104 950; x_wconf 92' lang='lat' dir='ltr'><strong>ad</strong></span> <span class='ocrx_word' id='word_1_72' title='bbox 123 888 263 950; x_wconf 84' lang='lat' dir='ltr'><strong>risibilem</strong></span> <span class='ocrx_word' id='word_1_73' title='bbox 321 905 401 948; x_wconf 89' lang='lat' dir='ltr'><strong>uram</strong></span> <span class='ocrx_word' id='word_1_74' title='bbox 420 887 546 950; x_wconf 82' lang='lat' dir='ltr'><strong>doctrina</strong></span> <span class='ocrx_word' id='word_1_75' title='bbox 565 911 682 972; x_wconf 83' lang='lat' dir='ltr'><strong>quoque</strong></span> <span class='ocrx_word' id='word_1_76' title='bbox 700 893 823 955; x_wconf 87' lang='lat' dir='ltr'><strong>aooedit:</strong></span> <span class='ocrx_word' id='word_1_77' title='bbox 843 897 1033 976; x_wconf 85' lang='lat' dir='ltr'><strong>nequeenim</strong></span> <span class='ocrx_word' id='word_1_78' title='bbox 1052 915 1086 958; x_wconf 91' lang='lat' dir='ltr'><strong>os</strong></span> <span class='ocrx_word' id='word_1_79' title='bbox 1125 898 1195 979; x_wconf 91' lang='lat' dir='ltr'><strong>apti·</strong></span> 
     </span>
     <span class='ocr_line' id='line_1_10' title="bbox 67 967 1164 1056; baseline 0.006 -26"><span class='ocrx_word' id='word_1_80' title='bbox 67 975 132 1030; x_wconf 89' lang='lat' dir='ltr'><strong>stae</strong></span> <span class='ocrx_word' id='word_1_81' title='bbox 149 974 262 1028; x_wconf 89' lang='lat' dir='ltr'><strong>mutum</strong></span> <span class='ocrx_word' id='word_1_82' title='bbox 279 985 341 1028; x_wconf 86' lang='lat' dir='ltr'><strong>esee</strong></span> <span class='ocrx_word' id='word_1_83' title='bbox 360 967 450 1041; x_wconf 76' lang='lat' dir='ltr'><strong>deret,</strong></span> <span class='ocrx_word' id='word_1_84' title='bbox 469 971 535 1048; x_wconf 89' lang='lat' dir='ltr'><strong>quia</strong></span> <span class='ocrx_word' id='word_1_85' title='bbox 553 970 638 1032; x_wconf 83' lang='lat' dir='ltr'><strong>brana</strong></span> <span class='ocrx_word' id='word_1_86' title='bbox 655 979 699 1034; x_wconf 84' lang='lat' dir='ltr'><strong>est</strong></span> <span class='ocrx_word' id='word_1_87' title='bbox 717 976 778 1034; x_wconf 85' lang='lat' dir='ltr'><strong>aine</strong></span> <span class='ocrx_word' id='word_1_88' title='bbox 798 968 926 1034; x_wconf 79' lang='lat' dir='ltr'><strong>doobina</strong></span> <span class='ocrx_word' id='word_1_89' title='bbox 944 975 1065 1056; x_wconf 78' lang='lat' dir='ltr'><strong>signum.</strong></span> <span class='ocrx_word' id='word_1_90' title='bbox 1156 1009 1164 1050; x_wconf 85' lang='lat'>:</span> 
     </span>
    </p>

    <p class='ocr_par' dir='ltr' id='par_1_3' title="bbox 68 1047 1287 2061">
     <span class='ocr_line' id='line_1_11' title="bbox 150 1047 1196 1128; baseline 0.008 -18"><span class='ocrx_word' id='word_1_91' title='bbox 150 1047 200 1110; x_wconf 70' lang='lat'><strong>25.</strong></span> <span class='ocrx_word' id='word_1_92' title='bbox 242 1053 336 1122; x_wconf 59' lang='lat' dir='ltr'><strong>Quare</strong></span> <span class='ocrx_word' id='word_1_93' title='bbox 364 1049 493 1128; x_wconf 78' lang='lat' dir='ltr'><strong>impleret</strong></span> <span class='ocrx_word' id='word_1_94' title='bbox 521 1051 650 1114; x_wconf 76' lang='lat' dir='ltr'><strong>Inumes</strong></span> <span class='ocrx_word' id='word_1_95' title='bbox 677 1075 805 1114; x_wconf 70' lang='lat' dir='ltr'><strong>waram.</strong></span> <span class='ocrx_word' id='word_1_96' title='bbox 848 1051 1012 1114; x_wconf 76' lang='lat' dir='ltr'><strong>Secundum</strong></span> <span class='ocrx_word' id='word_1_97' title='bbox 1036 1049 1196 1118; x_wconf 81' lang='lat' dir='ltr'><strong>murnbrum</strong></span> 
     </span>
     <span class='ocr_line' id='line_1_12' title="bbox 69 1123 1196 1214; baseline 0.008 -27"><span class='ocrx_word' id='word_1_98' title='bbox 69 1125 242 1200; x_wconf 89' lang='lat' dir='ltr'><strong>testimonii,</strong></span> <span class='ocrx_word' id='word_1_99' title='bbox 270 1124 348 1206; x_wconf 90' lang='lat' dir='ltr'><strong>quod</strong></span> <span class='ocrx_word' id='word_1_100' title='bbox 376 1123 497 1187; x_wconf 88' lang='lat' dir='ltr'><strong>loannes</strong></span> <span class='ocrx_word' id='word_1_101' title='bbox 521 1129 605 1188; x_wconf 80' lang='lat' dir='ltr'><strong>atarld</strong></span> <span class='ocrx_word' id='word_1_102' title='bbox 630 1132 674 1190; x_wconf 90' lang='lat' dir='ltr'><strong>ani</strong></span> <span class='ocrx_word' id='word_1_103' title='bbox 697 1139 789 1192; x_wconf 86' lang='lat' dir='ltr'><strong>metae</strong></span> <span class='ocrx_word' id='word_1_104' title='bbox 813 1132 921 1192; x_wconf 84' lang='lat' dir='ltr'><strong>vioinua</strong></span> <span class='ocrx_word' id='word_1_105' title='bbox 941 1125 1094 1214; x_wconf 77' lang='lat' dir='ltr'><strong>discipulos</strong></span> <span class='ocrx_word' id='word_1_106' title='bbox 1114 1134 1196 1196; x_wconf 85' lang='lat' dir='ltr'><strong>Chri-</strong></span> 
     </span>
     <span class='ocr_line' id='line_1_13' title="bbox 70 1202 1197 1294; baseline 0.009 -28"><span class='ocrx_word' id='word_1_107' title='bbox 70 1211 118 1266; x_wconf 83' lang='lat' dir='ltr'><strong>sto</strong></span> <span class='ocrx_word' id='word_1_108' title='bbox 143 1207 258 1266; x_wconf 82' lang='lat' dir='ltr'><strong>remisit</strong></span> <span class='ocrx_word' id='word_1_109' title='bbox 302 1202 385 1264; x_wconf 88' lang='lat' dir='ltr'><strong>Prius</strong></span> <span class='ocrx_word' id='word_1_110' title='bbox 409 1207 484 1266; x_wconf 89' lang='lat' dir='ltr'><strong>enim</strong></span> <span class='ocrx_word' id='word_1_111' title='bbox 507 1204 641 1290; x_wconf 85' lang='lat' dir='ltr'><strong>baptismi</strong></span> <span class='ocrx_word' id='word_1_112' title='bbox 662 1210 824 1270; x_wconf 89' lang='lat' dir='ltr'><strong>rudimento</strong></span> <span class='ocrx_word' id='word_1_113' title='bbox 848 1229 898 1271; x_wconf 88' lang='lat' dir='ltr'><strong>eoa</strong></span> <span class='ocrx_word' id='word_1_114' title='bbox 916 1211 1102 1294; x_wconf 72' lang='lat' dir='ltr'><strong>formaverat,</strong></span> <span class='ocrx_word' id='word_1_115' title='bbox 1126 1221 1197 1276; x_wconf 87' lang='lat' dir='ltr'><strong>tuno</strong></span> 
     </span>
     <span class='ocr_line' id='line_1_14' title="bbox 71 1283 1196 1364; baseline 0.01 -19"><span class='ocrx_word' id='word_1_116' title='bbox 71 1291 169 1345; x_wconf 88' lang='lat' dir='ltr'><strong>antem</strong></span> <span class='ocrx_word' id='word_1_117' title='bbox 192 1283 227 1344; x_wconf 89' lang='lat' dir='ltr'><strong>de</strong></span> <span class='ocrx_word' id='word_1_118' title='bbox 251 1301 338 1360; x_wconf 88' lang='lat' dir='ltr'><strong>mann</strong></span> <span class='ocrx_word' id='word_1_119' title='bbox 362 1285 439 1364; x_wconf 90' lang='lat' dir='ltr'><strong>quod</strong></span> <span class='ocrx_word' id='word_1_120' title='bbox 459 1287 538 1346; x_wconf 89' lang='lat' dir='ltr'><strong>aiunt</strong></span> <span class='ocrx_word' id='word_1_121' title='bbox 556 1289 586 1348; x_wconf 93' lang='lat' dir='ltr'><strong>in</strong></span> <span class='ocrx_word' id='word_1_122' title='bbox 605 1307 721 1350; x_wconf 89' lang='lat' dir='ltr'><strong>manum</strong></span> <span class='ocrx_word' id='word_1_123' title='bbox 740 1289 856 1350; x_wconf 79' lang='lat' dir='ltr'><strong>Chr-isto</strong></span> <span class='ocrx_word' id='word_1_124' title='bbox 875 1309 926 1352; x_wconf 90' lang='lat' dir='ltr'><strong>eos</strong></span> <span class='ocrx_word' id='word_1_125' title='bbox 944 1293 1069 1354; x_wconf 79' lang='lat' dir='ltr'><strong>tradidit.</strong></span> <span class='ocrx_word' id='word_1_126' title='bbox 1106 1293 1196 1356; x_wconf 89' lang='lat' dir='ltr'><strong>lutar-</strong></span> 
     </span>
     <span class='ocr_line' id='line_1_15' title="bbox 70 1363 1196 1448; baseline 0.011 -26"><span class='ocrx_word' id='word_1_127' title='bbox 70 1366 181 1445; x_wconf 81' lang='lat' dir='ltr'><strong>rogatio</strong></span> <span class='ocrx_word' id='word_1_128' title='bbox 200 1369 296 1424; x_wconf 83' lang='lat' dir='ltr'><strong>entem</strong></span> <span class='ocrx_word' id='word_1_129' title='bbox 315 1363 400 1434; x_wconf 75' lang='lat' dir='ltr'><strong>haec,</strong></span> <span class='ocrx_word' id='word_1_130' title='bbox 425 1389 508 1448; x_wconf 77' lang='lat' dir='ltr'><strong>quem</strong></span> <span class='ocrx_word' id='word_1_131' title='bbox 526 1390 572 1428; x_wconf 85' lang='lat' dir='ltr'><strong>nae</strong></span> <span class='ocrx_word' id='word_1_132' title='bbox 591 1369 777 1429; x_wconf 78' lang='lat' dir='ltr'><strong>arbitramini</strong></span> <span class='ocrx_word' id='word_1_133' title='bbox 796 1374 873 1430; x_wconf 74' lang='lat' dir='ltr'><strong>earet</strong></span> <span class='ocrx_word' id='word_1_134' title='bbox 893 1390 952 1432; x_wconf 84' lang='lat' dir='ltr'><strong>non</strong></span> <span class='ocrx_word' id='word_1_135' title='bbox 971 1378 1016 1432; x_wconf 85' lang='lat' dir='ltr'><strong>est</strong></span> <span class='ocrx_word' id='word_1_136' title='bbox 1034 1371 1196 1435; x_wconf 83' lang='lat' dir='ltr'><strong>dubitantis.</strong></span> 
     </span>
     <span class='ocr_line' id='line_1_16' title="bbox 69 1443 1201 1530; baseline 0.011 -26"><span class='ocrx_word' id='word_1_137' title='bbox 69 1443 265 1524; x_wconf 86' lang='lat' dir='ltr'><strong>Reprehendit</strong></span> <span class='ocrx_word' id='word_1_138' title='bbox 293 1444 370 1504; x_wconf 89' lang='lat' dir='ltr'><strong>enim</strong></span> <span class='ocrx_word' id='word_1_139' title='bbox 388 1443 508 1506; x_wconf 85' lang='lat' dir='ltr'><strong>loannes</strong></span> <span class='ocrx_word' id='word_1_140' title='bbox 537 1453 568 1506; x_wconf 85' lang='lat' dir='ltr'><strong>et</strong></span> <span class='ocrx_word' id='word_1_141' title='bbox 595 1445 727 1528; x_wconf 70' lang='lat' dir='ltr'><strong>obiurgat</strong></span> <span class='ocrx_word' id='word_1_142' title='bbox 753 1447 888 1523; x_wconf 84' lang='lat' dir='ltr'><strong>ludaeos,</strong></span> <span class='ocrx_word' id='word_1_143' title='bbox 917 1450 996 1530; x_wconf 84' lang='lat' dir='ltr'><strong>quod</strong></span> <span class='ocrx_word' id='word_1_144' title='bbox 1024 1450 1128 1514; x_wconf 77' lang='lat' dir='ltr'><strong>nuum</strong></span> <span class='ocrx_word' id='word_1_145' title='bbox 1156 1454 1201 1516; x_wconf 90' lang='lat' dir='ltr'><strong>illi</strong></span> 
     </span>
     <span class='ocr_line' id='line_1_17' title="bbox 68 1521 1198 1626; baseline 0.006 -40"><span class='ocrx_word' id='word_1_146' title='bbox 68 1521 189 1586; x_wconf 86' lang='lat' dir='ltr'><strong>ltleasiae</strong></span> <span class='ocrx_word' id='word_1_147' title='bbox 206 1524 346 1584; x_wconf 80' lang='lat' dir='ltr'><strong>bonorem</strong></span> <span class='ocrx_word' id='word_1_148' title='bbox 365 1522 520 1585; x_wconf 76' lang='lat' dir='ltr'><strong>defamem:</strong></span> <span class='ocrx_word' id='word_1_149' title='bbox 538 1545 702 1606; x_wconf 85' lang='lat' dir='ltr'><strong>quanquam</strong></span> <span class='ocrx_word' id='word_1_150' title='bbox 719 1547 778 1588; x_wconf 92' lang='lat' dir='ltr'><strong>uno</strong></span> <span class='ocrx_word' id='word_1_151' title='bbox 798 1529 999 1626; x_wconf 64' lang='lat' dir='ltr'><strong>contextnlepi</strong></span> <span class='ocrx_word' id='word_1_152' title='bbox 1008 1537 1113 1610; x_wconf 75' lang='lat' dir='ltr'><strong>potest,</strong></span> <span class='ocrx_word' id='word_1_153' title='bbox 1131 1529 1198 1594; x_wconf 86' lang='lat' dir='ltr'><strong>Non</strong></span> 
     </span>
     <span class='ocr_line' id='line_1_18' title="bbox 68 1605 1199 1772; baseline 0.01 -31"><span class='ocrx_word' id='word_1_154' title='bbox 68 1623 138 1742; x_wconf 73' lang='lat' dir='ltr'><strong>‘tt</strong></span> <span class='ocrx_word' id='word_1_155' title='bbox 154 1622 394 1745; x_wconf 56' lang='lat' dir='ltr'><strong>‘imai‘</strong></span> <span class='ocrx_word' id='word_1_156' title='bbox 434 1605 1199 1772; x_wconf 51' lang='lat' dir='ltr'><strong>ttit‘dn‘att‘tittmttittit‘tt</strong></span> 
     </span>
     <span class='ocr_line' id='line_1_19' title="bbox 69 1703 1287 1848; baseline 0.002 -24"><span class='ocrx_word' id='word_1_157' title='bbox 69 1703 283 1824; x_wconf 66' lang='lat' dir='ltr'><strong>lacinanus</strong></span> <span class='ocrx_word' id='word_1_158' title='bbox 302 1764 363 1823; x_wconf 89' lang='lat' dir='ltr'><strong>eine</strong></span> <span class='ocrx_word' id='word_1_159' title='bbox 382 1764 590 1840; x_wconf 87' lang='lat' dir='ltr'><strong>testimoninm,</strong></span> <span class='ocrx_word' id='word_1_160' title='bbox 614 1763 692 1845; x_wconf 83' lang='lat' dir='ltr'><strong>quod</strong></span> <span class='ocrx_word' id='word_1_161' title='bbox 711 1763 838 1826; x_wconf 86' lang='lat' dir='ltr'><strong>oblatum</strong></span> <span class='ocrx_word' id='word_1_162' title='bbox 857 1763 911 1826; x_wconf 87' lang='lat' dir='ltr'><strong>sibi</strong></span> <span class='ocrx_word' id='word_1_163' title='bbox 929 1711 1097 1840; x_wconf 73' lang='lat' dir='ltr'><strong>bonorem,g</strong></span> <span class='ocrx_word' id='word_1_164' title='bbox 1113 1790 1199 1848; x_wconf 81' lang='lat' dir='ltr'><strong>quem</strong></span> <span class='ocrx_word' id='word_1_165' title='bbox 1285 1816 1287 1826; x_wconf 21' lang='grc' dir='ltr'><em>Α</em></span> 
     </span>
     <span class='ocr_line' id='line_1_20' title="bbox 69 1843 1198 1925; baseline 0.007 -23"><span class='ocrx_word' id='word_1_166' title='bbox 69 1863 132 1903; x_wconf 87' lang='lat' dir='ltr'><strong>non</strong></span> <span class='ocrx_word' id='word_1_167' title='bbox 158 1843 220 1903; x_wconf 87' lang='lat' dir='ltr'><strong>sine</strong></span> <span class='ocrx_word' id='word_1_168' title='bbox 248 1843 352 1924; x_wconf 82' lang='lat' dir='ltr'><strong>planen</strong></span> <span class='ocrx_word' id='word_1_169' title='bbox 379 1843 506 1924; x_wconf 67' lang='lat' dir='ltr'><strong>nonpere</strong></span> <span class='ocrx_word' id='word_1_170' title='bbox 534 1849 659 1924; x_wconf 84' lang='lat' dir='ltr'><strong>poterat,</strong></span> <span class='ocrx_word' id='word_1_171' title='bbox 688 1850 790 1925; x_wconf 86' lang='lat' dir='ltr'><strong>sponte</strong></span> <span class='ocrx_word' id='word_1_172' title='bbox 817 1844 947 1924; x_wconf 84' lang='lat' dir='ltr'><strong>repudiat</strong></span> <span class='ocrx_word' id='word_1_173' title='bbox 965 1851 995 1906; x_wconf 89' lang='lat' dir='ltr'><strong>et</strong></span> <span class='ocrx_word' id='word_1_174' title='bbox 1013 1847 1095 1908; x_wconf 85' lang='lat' dir='ltr'><strong>alteri</strong></span> <span class='ocrx_word' id='word_1_175' title='bbox 1114 1849 1198 1910; x_wconf 83' lang='lat' dir='ltr'><strong>cedit.</strong></span> 
     </span>
     <span class='ocr_line' id='line_1_21' title="bbox 70 1912 1199 2061; baseline 0.008 -80"><span class='ocrx_word' id='word_1_176' title='bbox 70 1912 138 2061; x_wconf 55' lang='lat' dir='ltr'><strong>gpn</strong></span> <span class='ocrx_word' id='word_1_177' title='bbox 157 1929 257 2061; x_wconf 53' lang='lat' dir='ltr'><strong>mil·</strong></span> <span class='ocrx_word' id='word_1_178' title='bbox 276 1927 353 2061; x_wconf 64' lang='lat' dir='ltr'><strong>eppe</strong></span> <span class='ocrx_word' id='word_1_179' title='bbox 372 1929 503 2003; x_wconf 70' lang='lat' dir='ltr'><strong>inspecta</strong></span> <span class='ocrx_word' id='word_1_180' title='bbox 521 1922 570 1986; x_wconf 85' lang='lat' dir='ltr'><strong>bie</strong></span> <span class='ocrx_word' id='word_1_181' title='bbox 588 1943 650 1985; x_wconf 82' lang='lat' dir='ltr'><strong>esse</strong></span> <span class='ocrx_word' id='word_1_182' title='bbox 668 1923 799 1998; x_wconf 75' lang='lat' dir='ltr'><strong>ambitio,</strong></span> <span class='ocrx_word' id='word_1_183' title='bbox 817 1941 871 1984; x_wconf 88' lang='lat' dir='ltr'><strong>neo</strong></span> <span class='ocrx_word' id='word_1_184' title='bbox 889 1923 949 1986; x_wconf 88' lang='lat' dir='ltr'><strong>ulls</strong></span> <span class='ocrx_word' id='word_1_185' title='bbox 966 1927 1106 2006; x_wconf 72' lang='lat' dir='ltr'><strong>reptatio,</strong></span> <span class='ocrx_word' id='word_1_186' title='bbox 1125 1947 1199 2009; x_wconf 72' lang='lat' dir='ltr'><strong>quas</strong></span> 
     </span>
    </p>

    <p class='ocr_par' dir='ltr' id='par_1_4' title="bbox 113 2019 360 2062">
     <span class='ocr_line' id='line_1_22' title="bbox 113 2019 360 2062; baseline 0 0"><span class='ocrx_word' id='word_1_187' title='bbox 113 2019 159 2062; x_wconf 80' lang='lat' dir='ltr'><strong>eus</strong></span> <span class='ocrx_word' id='word_1_188' title='bbox 178 2021 229 2062; x_wconf 85' lang='lat' dir='ltr'><strong>ver</strong></span> <span class='ocrx_word' id='word_1_189' title='bbox 247 2020 273 2062; x_wconf 84' lang='lat' dir='ltr'><strong>rs</strong></span> <span class='ocrx_word' id='word_1_190' title='bbox 327 2021 360 2062; x_wconf 89' lang='lat' dir='ltr'><strong>ro</strong></span> 
     </span>
    </p>

    <p class='ocr_par' dir='ltr' id='par_1_5' title="bbox 68 2009 1202 2656">
     <span class='ocr_line' id='line_1_23' title="bbox 151 2009 1200 2163; baseline 0.005 -21"><span class='ocrx_word' id='word_1_191' title='bbox 151 2082 227 2142; x_wconf 75' lang='lat' dir='ltr'><strong>Boea</strong></span> <span class='ocrx_word' id='word_1_192' title='bbox 245 2089 332 2142; x_wconf 74' lang='lat' dir='ltr'><strong>senti.</strong></span> <span class='ocrx_word' id='word_1_193' title='bbox 360 2009 435 2142; x_wconf 46' lang='grc' dir='ltr'><strong>ᾖξε</strong></span> <span class='ocrx_word' id='word_1_194' title='bbox 453 2091 507 2156; x_wconf 72' lang='lat' dir='ltr'><strong>eat,</strong></span> <span class='ocrx_word' id='word_1_195' title='bbox 526 2089 662 2144; x_wconf 81' lang='lat' dir='ltr'><strong>venturas</strong></span> <span class='ocrx_word' id='word_1_196' title='bbox 682 2089 737 2143; x_wconf 78' lang='lat' dir='ltr'><strong>ern</strong></span> <span class='ocrx_word' id='word_1_197' title='bbox 759 2079 869 2163; x_wconf 80' lang='lat' dir='ltr'><strong>phrasis</strong></span> <span class='ocrx_word' id='word_1_198' title='bbox 887 2080 1028 2158; x_wconf 73' lang='lat' dir='ltr'><strong>hebruino,</strong></span> <span class='ocrx_word' id='word_1_199' title='bbox 1044 2084 1113 2144; x_wconf 84' lang='lat' dir='ltr'><strong>satis</strong></span> <span class='ocrx_word' id='word_1_200' title='bbox 1132 2086 1200 2148; x_wconf 80' lang='lat' dir='ltr'><strong>trita</strong></span> 
     </span>
     <span class='ocr_line' id='line_1_24' title="bbox 72 2157 1200 2243; baseline 0.005 -23"><span class='ocrx_word' id='word_1_201' title='bbox 72 2159 159 2221; x_wconf 87' lang='lat' dir='ltr'><strong>etiam</strong></span> <span class='ocrx_word' id='word_1_202' title='bbox 182 2161 212 2220; x_wconf 92' lang='lat' dir='ltr'><strong>in</strong></span> <span class='ocrx_word' id='word_1_203' title='bbox 236 2181 314 2222; x_wconf 86' lang='lat' dir='ltr'><strong>novo</strong></span> <span class='ocrx_word' id='word_1_204' title='bbox 334 2157 526 2224; x_wconf 83' lang='lat' dir='ltr'><strong>Testamenta.</strong></span> <span class='ocrx_word' id='word_1_205' title='bbox 566 2161 667 2240; x_wconf 84' lang='lat' dir='ltr'><strong>Quum</strong></span> <span class='ocrx_word' id='word_1_206' title='bbox 685 2182 716 2224; x_wconf 83' lang='lat' dir='ltr'><strong>ee</strong></span> <span class='ocrx_word' id='word_1_207' title='bbox 735 2161 884 2242; x_wconf 77' lang='lat' dir='ltr'><strong>indigenum</strong></span> <span class='ocrx_word' id='word_1_208' title='bbox 903 2162 1018 2238; x_wconf 83' lang='lat' dir='ltr'><strong>latetur,</strong></span> <span class='ocrx_word' id='word_1_209' title='bbox 1038 2164 1090 2243; x_wconf 83' lang='lat' dir='ltr'><strong>qui</strong></span> <span class='ocrx_word' id='word_1_210' title='bbox 1107 2173 1200 2226; x_wconf 79' lang='lat' dir='ltr'><strong>norri-</strong></span> 
     </span>
     <span class='ocr_line' id='line_1_25' title="bbox 68 2240 1201 2323; baseline 0.004 -23"><span class='ocrx_word' id='word_1_211' title='bbox 68 2249 142 2323; x_wconf 80' lang='lat' dir='ltr'><strong>gius</strong></span> <span class='ocrx_word' id='word_1_212' title='bbox 159 2242 253 2302; x_wconf 73' lang='lat' dir='ltr'><strong>sobet</strong></span> <span class='ocrx_word' id='word_1_213' title='bbox 272 2243 424 2302; x_wconf 68' lang='lat' dir='ltr'><strong>exoniam</strong></span> <span class='ocrx_word' id='word_1_214' title='bbox 435 2245 553 2316; x_wconf 57' lang='lat' dir='ltr'><strong>ciunt,</strong></span> <span class='ocrx_word' id='word_1_215' title='bbox 572 2241 757 2322; x_wconf 75' lang='lat' dir='ltr'><strong>proverbialis</strong></span> <span class='ocrx_word' id='word_1_216' title='bbox 771 2247 815 2302; x_wconf 89' lang='lat' dir='ltr'><strong>eat</strong></span> <span class='ocrx_word' id='word_1_217' title='bbox 828 2240 931 2322; x_wconf 82' lang='lat' dir='ltr'><strong>ligura,</strong></span> <span class='ocrx_word' id='word_1_218' title='bbox 948 2261 1050 2322; x_wconf 82' lang='lat' dir='ltr'><strong>quase</strong></span> <span class='ocrx_word' id='word_1_219' title='bbox 1064 2249 1201 2306; x_wconf 83' lang='lat' dir='ltr'><strong>extenuet</strong></span> 
     </span>
     <span class='ocr_line' id='line_1_26' title="bbox 71 2319 1202 2418; baseline 0.006 -39"><span class='ocrx_word' id='word_1_220' title='bbox 71 2326 213 2400; x_wconf 90' lang='lat' dir='ltr'><strong>qnantum</strong></span> <span class='ocrx_word' id='word_1_221' title='bbox 235 2326 344 2401; x_wconf 87' lang='lat' dir='ltr'><strong>potest,</strong></span> <span class='ocrx_word' id='word_1_222' title='bbox 367 2339 404 2381; x_wconf 90' lang='lat' dir='ltr'><strong>ne</strong></span> <span class='ocrx_word' id='word_1_223' title='bbox 428 2339 489 2382; x_wconf 46' lang='lat' dir='ltr'><strong>ana,</strong></span> <span class='ocrx_word' id='word_1_224' title='bbox 504 2340 550 2381; x_wconf 89' lang='lat' dir='ltr'><strong>ma</strong></span> <span class='ocrx_word' id='word_1_225' title='bbox 590 2321 669 2382; x_wconf 88' lang='lat' dir='ltr'><strong>&#39;tudo</strong></span> <span class='ocrx_word' id='word_1_226' title='bbox 689 2319 796 2380; x_wconf 85' lang='lat' dir='ltr'><strong>Christi</strong></span> <span class='ocrx_word' id='word_1_227' title='bbox 815 2321 1109 2400; x_wconf 68' lang='lat' dir='ltr'><strong>gloriem&#39;obaonrete</strong></span> <span class='ocrx_word' id='word_1_228' title='bbox 1122 2323 1202 2418; x_wconf 76' lang='lat' dir='ltr'><strong>quod</strong></span> 
     </span>
     <span class='ocr_line' id='line_1_27' title="bbox 70 2399 1201 2478; baseline 0.002 -18"><span class='ocrx_word' id='word_1_229' title='bbox 70 2400 150 2460; x_wconf 88' lang='lat' dir='ltr'><strong>enim</strong></span> <span class='ocrx_word' id='word_1_230' title='bbox 168 2399 209 2458; x_wconf 92' lang='lat' dir='ltr'><strong>illi</strong></span> <span class='ocrx_word' id='word_1_231' title='bbox 226 2399 391 2464; x_wconf 83' lang='lat' dir='ltr'><strong>mandatum</strong></span> <span class='ocrx_word' id='word_1_232' title='bbox 410 2407 484 2474; x_wconf 86' lang='lat' dir='ltr'><strong>erat,</strong></span> <span class='ocrx_word' id='word_1_233' title='bbox 501 2399 558 2462; x_wconf 86' lang='lat' dir='ltr'><strong>tide</strong></span> <span class='ocrx_word' id='word_1_234' title='bbox 571 2403 624 2462; x_wconf 88' lang='lat' dir='ltr'><strong>&#39;ter</strong></span> <span class='ocrx_word' id='word_1_235' title='bbox 652 2419 752 2461; x_wconf 81' lang='lat' dir='ltr'><strong>aurare</strong></span> <span class='ocrx_word' id='word_1_236' title='bbox 775 2399 880 2474; x_wconf 83' lang='lat' dir='ltr'><strong>voluit,</strong></span> <span class='ocrx_word' id='word_1_237' title='bbox 906 2405 939 2460; x_wconf 90' lang='lat' dir='ltr'><strong>ut</strong></span> <span class='ocrx_word' id='word_1_238' title='bbox 965 2401 1044 2460; x_wconf 84' lang='lat' dir='ltr'><strong>solus</strong></span> <span class='ocrx_word' id='word_1_239' title='bbox 1069 2399 1201 2478; x_wconf 79' lang='lat' dir='ltr'><strong>Cbrretua</strong></span> 
     </span>
     <span class='ocr_line' id='line_1_28' title="bbox 72 2477 1201 2561; baseline 0.005 -23"><span class='ocrx_word' id='word_1_240' title='bbox 72 2478 272 2560; x_wconf 77' lang='lat' dir='ltr'><strong>praeoellerets</strong></span> <span class='ocrx_word' id='word_1_241' title='bbox 291 2499 320 2539; x_wconf 86' lang='lat' dir='ltr'><strong>se</strong></span> <span class='ocrx_word' id='word_1_242' title='bbox 339 2499 407 2560; x_wconf 76' lang='lat' dir='ltr'><strong>ergo</strong></span> <span class='ocrx_word' id='word_1_243' title='bbox 427 2487 551 2561; x_wconf 85' lang='lat' dir='ltr'><strong>quantus</strong></span> <span class='ocrx_word' id='word_1_244' title='bbox 570 2486 694 2561; x_wconf 87' lang='lat' dir='ltr'><strong>quantos</strong></span> <span class='ocrx_word' id='word_1_245' title='bbox 717 2477 776 2554; x_wconf 75' lang='lat' dir='ltr'><strong>en,</strong></span> <span class='ocrx_word' id='word_1_246' title='bbox 800 2498 869 2560; x_wconf 89' lang='lat' dir='ltr'><strong>prae</strong></span> <span class='ocrx_word' id='word_1_247' title='bbox 888 2479 938 2542; x_wconf 91' lang='lat' dir='ltr'><strong>illo</strong></span> <span class='ocrx_word' id='word_1_248' title='bbox 957 2479 1028 2540; x_wconf 90' lang='lat' dir='ltr'><strong>nibil</strong></span> <span class='ocrx_word' id='word_1_249' title='bbox 1047 2499 1109 2542; x_wconf 83' lang='lat' dir='ltr'><strong>ease</strong></span> <span class='ocrx_word' id='word_1_250' title='bbox 1124 2481 1201 2544; x_wconf 87' lang='lat' dir='ltr'><strong>diuit.</strong></span> 
     </span>
     <span class='ocr_line' id='line_1_29' title="bbox 73 2556 1202 2656; baseline 0.004 -39"><span class='ocrx_word' id='word_1_251' title='bbox 73 2556 218 2636; x_wconf 82' lang='lat' dir='ltr'><strong>Quamvis</strong></span> <span class='ocrx_word' id='word_1_252' title='bbox 241 2559 316 2621; x_wconf 72' lang='lat' dir='ltr'><strong>uina</strong></span> <span class='ocrx_word' id='word_1_253' title='bbox 333 2557 391 2620; x_wconf 90' lang='lat' dir='ltr'><strong>Dei</strong></span> <span class='ocrx_word' id='word_1_254' title='bbox 414 2561 503 2622; x_wconf 83' lang='lat' dir='ltr'><strong>serris</strong></span> <span class='ocrx_word' id='word_1_255' title='bbox 522 2578 575 2622; x_wconf 86' lang='lat' dir='ltr'><strong>sne</strong></span> <span class='ocrx_word' id='word_1_256' title='bbox 593 2558 857 2656; x_wconf 60' lang='lat' dir='ltr'><strong>milil.d³3¹lil⁸⁸’</strong></span> <span class='ocrx_word' id='word_1_257' title='bbox 880 2557 930 2621; x_wconf 93' lang='lat' dir='ltr'><strong>ubi</strong></span> <span class='ocrx_word' id='word_1_258' title='bbox 948 2566 1044 2620; x_wconf 88' lang='lat' dir='ltr'><strong>tamen</strong></span> <span class='ocrx_word' id='word_1_259' title='bbox 1063 2561 1100 2620; x_wconf 88' lang='lat' dir='ltr'><strong>ad</strong></span> <span class='ocrx_word' id='word_1_260' title='bbox 1120 2559 1202 2622; x_wconf 77' lang='lat' dir='ltr'><strong>Obri-</strong></span> 
     </span>
    </p>
   </div>
   <div class='ocr_carea' id='block_1_3' title="bbox 74 2633 1348 2720">
    <p class='ocr_par' dir='ltr' id='par_1_6' title="bbox 74 2633 1348 2720">
     <span class='ocr_line' id='line_1_30' title="bbox 74 2633 1348 2720; baseline 0.006 -23"><span class='ocrx_word' id='word_1_261' title='bbox 74 2638 115 2697; x_wconf 88' lang='lat' dir='ltr'><strong>ati</strong></span> <span class='ocrx_word' id='word_1_262' title='bbox 137 2639 374 2717; x_wconf 85' lang='lat' dir='ltr'><strong>eomparationem</strong></span> <span class='ocrx_word' id='word_1_263' title='bbox 391 2647 582 2716; x_wconf 67' lang='lat' dir='ltr'><strong>vennam-est,</strong></span> <span class='ocrx_word' id='word_1_264' title='bbox 599 2639 688 2720; x_wconf 72' lang='lat' dir='ltr'><strong>redrgr</strong></span> <span class='ocrx_word' id='word_1_265' title='bbox 705 2658 735 2698; x_wconf 89' lang='lat' dir='ltr'><strong>m</strong></span> <span class='ocrx_word' id='word_1_266' title='bbox 754 2637 875 2699; x_wconf 83' lang='lat' dir='ltr'><strong>mbrlnua</strong></span> <span class='ocrx_word' id='word_1_267' title='bbox 893 2645 1008 2720; x_wconf 91' lang='lat' dir='ltr'><strong>oportet</strong></span> <span class='ocrx_word' id='word_1_268' title='bbox 1026 2658 1139 2716; x_wconf 86' lang='lat' dir='ltr'><strong>omnes,</strong></span> <span class='ocrx_word' id='word_1_269' title='bbox 1167 2646 1203 2704; x_wconf 86' lang='lat' dir='ltr'><strong>ut</strong></span> <span class='ocrx_word' id='word_1_270' title='bbox 1334 2633 1348 2656; x_wconf 68' lang='grc'><strong>“</strong></span> 
     </span>
    </p>
   </div>
   <div class='ocr_carea' id='block_1_4' title="bbox 72 2717 1230 4310">
    <p class='ocr_par' dir='ltr' id='par_1_7' title="bbox 73 2717 1202 2878">
     <span class='ocr_line' id='line_1_31' title="bbox 73 2717 1202 2793; baseline 0.006 -17"><span class='ocrx_word' id='word_1_271' title='bbox 73 2717 125 2777; x_wconf 88' lang='lat' dir='ltr'><strong>ille</strong></span> <span class='ocrx_word' id='word_1_272' title='bbox 144 2735 218 2776; x_wconf 86' lang='lat' dir='ltr'><strong>unns</strong></span> <span class='ocrx_word' id='word_1_273' title='bbox 236 2719 370 2780; x_wconf 81' lang='lat' dir='ltr'><strong>emineat:</strong></span> <span class='ocrx_word' id='word_1_274' title='bbox 396 2720 480 2782; x_wconf 88' lang='lat' dir='ltr'><strong>siouti</strong></span> <span class='ocrx_word' id='word_1_275' title='bbox 497 2738 667 2782; x_wconf 78' lang='lat' dir='ltr'><strong>ermenoara</strong></span> <span class='ocrx_word' id='word_1_276' title='bbox 685 2717 782 2780; x_wconf 88' lang='lat' dir='ltr'><strong>stellas</strong></span> <span class='ocrx_word' id='word_1_277' title='bbox 799 2737 901 2780; x_wconf 79' lang='lat' dir='ltr'><strong>omnes</strong></span> <span class='ocrx_word' id='word_1_278' title='bbox 919 2719 1062 2793; x_wconf 73' lang='lat' dir='ltr'><strong>videritne,</strong></span> <span class='ocrx_word' id='word_1_279' title='bbox 1081 2725 1115 2782; x_wconf 86' lang='lat' dir='ltr'><strong>nt</strong></span> <span class='ocrx_word' id='word_1_280' title='bbox 1133 2720 1202 2783; x_wconf 88' lang='lat' dir='ltr'><strong>solis</strong></span> 
     </span>
     <span class='ocr_line' id='line_1_32' title="bbox 74 2795 1044 2878; baseline 0.009 -21"><span class='ocrx_word' id='word_1_281' title='bbox 74 2795 182 2878; x_wconf 73' lang='lat' dir='ltr'><strong>fulgori</strong></span> <span class='ocrx_word' id='word_1_282' title='bbox 204 2797 301 2858; x_wconf 84' lang='lat' dir='ltr'><strong>lunum</strong></span> <span class='ocrx_word' id='word_1_283' title='bbox 318 2799 428 2860; x_wconf 81' lang='lat' dir='ltr'><strong>cedant</strong></span> <span class='ocrx_word' id='word_1_284' title='bbox 1035 2804 1044 2812; x_wconf 85' lang='grc'><em>’</em></span> 
     </span>
    </p>

    <p class='ocr_par' dir='ltr' id='par_1_8' title="bbox 72 2877 1230 3840">
     <span class='ocr_line' id='line_1_33' title="bbox 154 2877 1203 2961; baseline 0.001 -20"><span class='ocrx_word' id='word_1_285' title='bbox 154 2879 203 2941; x_wconf 78' lang='lat'><strong>26·</strong></span> <span class='ocrx_word' id='word_1_286' title='bbox 245 2881 315 2938; x_wconf 77' lang='lat' dir='ltr'><strong>Via-t</strong></span> <span class='ocrx_word' id='word_1_287' title='bbox 348 2888 453 2942; x_wconf 74' lang='lat' dir='ltr'><strong>ruam.</strong></span> <span class='ocrx_word' id='word_1_288' title='bbox 491 2879 601 2941; x_wconf 86' lang='lat' dir='ltr'><strong>lteram</strong></span> <span class='ocrx_word' id='word_1_289' title='bbox 618 2877 738 2942; x_wconf 86' lang='lat' dir='ltr'><strong>ludaeos</strong></span> <span class='ocrx_word' id='word_1_290' title='bbox 757 2877 795 2941; x_wconf 90' lang='lat' dir='ltr'><strong>ad</strong></span> <span class='ocrx_word' id='word_1_291' title='bbox 813 2877 1035 2961; x_wconf 84' lang='lat' dir='ltr'><strong>amplexandum</strong></span> <span class='ocrx_word' id='word_1_292' title='bbox 1053 2877 1203 2942; x_wconf 83' lang='lat' dir='ltr'><strong>Christum</strong></span> 
     </span>
     <span class='ocr_line' id='line_1_34' title="bbox 72 2955 1204 3040; baseline 0.002 -22"><span class='ocrx_word' id='word_1_293' title='bbox 72 2955 181 3018; x_wconf 83' lang='lat' dir='ltr'><strong>Paulus</strong></span> <span class='ocrx_word' id='word_1_294' title='bbox 205 2958 309 3018; x_wconf 85' lang='lat' dir='ltr'><strong>exstim</strong></span> <span class='ocrx_word' id='word_1_295' title='bbox 356 2965 384 3018; x_wconf 77' lang='lat' dir='ltr'><strong>ta</strong></span> <span class='ocrx_word' id='word_1_296' title='bbox 407 2957 466 3020; x_wconf 87' lang='lat' dir='ltr'><strong>boo</strong></span> <span class='ocrx_word' id='word_1_297' title='bbox 488 2961 565 3020; x_wconf 89' lang='lat' dir='ltr'><strong>enim</strong></span> <span class='ocrx_word' id='word_1_298' title='bbox 586 2978 647 3020; x_wconf 91' lang='lat' dir='ltr'><strong>non</strong></span> <span class='ocrx_word' id='word_1_299' title='bbox 668 2979 772 3040; x_wconf 87' lang='lat' dir='ltr'><strong>parum</strong></span> <span class='ocrx_word' id='word_1_300' title='bbox 794 2959 825 3018; x_wconf 89' lang='lat' dir='ltr'><strong>in</strong></span> <span class='ocrx_word' id='word_1_301' title='bbox 844 2977 944 3020; x_wconf 89' lang='lat' dir='ltr'><strong>eorum</strong></span> <span class='ocrx_word' id='word_1_302' title='bbox 963 2959 1063 3020; x_wconf 85' lang='lat' dir='ltr'><strong>animis</strong></span> <span class='ocrx_word' id='word_1_303' title='bbox 1082 2957 1204 3020; x_wconf 86' lang='lat' dir='ltr'><strong>debebat</strong></span> 
     </span>
     <span class='ocr_line' id='line_1_35' title="bbox 75 3037 1205 3117; baseline 0.004 -21"><span class='ocrx_word' id='word_1_304' title='bbox 75 3037 162 3097; x_wconf 86' lang='lat' dir='ltr'><strong>studii</strong></span> <span class='ocrx_word' id='word_1_305' title='bbox 180 3043 212 3098; x_wconf 90' lang='lat' dir='ltr'><strong>et</strong></span> <span class='ocrx_word' id='word_1_306' title='bbox 229 3038 392 3099; x_wconf 81' lang='lat' dir='ltr'><strong>attentionis</strong></span> <span class='ocrx_word' id='word_1_307' title='bbox 410 3037 545 3114; x_wconf 78' lang='lat' dir='ltr'><strong>excitare,</strong></span> <span class='ocrx_word' id='word_1_308' title='bbox 605 3057 655 3098; x_wconf 87' lang='lat' dir='ltr'><strong>nm</strong></span> <span class='ocrx_word' id='word_1_309' title='bbox 679 3038 810 3098; x_wconf 88' lang='lat' dir='ltr'><strong>audirent</strong></span> <span class='ocrx_word' id='word_1_310' title='bbox 833 3037 869 3098; x_wconf 93' lang='lat' dir='ltr'><strong>de</strong></span> <span class='ocrx_word' id='word_1_311' title='bbox 893 3038 1060 3097; x_wconf 68' lang='lat' dir='ltr'><strong>alonem</strong></span> <span class='ocrx_word' id='word_1_312' title='bbox 1085 3039 1145 3117; x_wconf 75' lang='lat' dir='ltr'><strong>agi,</strong></span> <span class='ocrx_word' id='word_1_313' title='bbox 1173 3043 1205 3100; x_wconf 88' lang='lat' dir='ltr'><strong>et</strong></span> 
     </span>
     <span class='ocr_line' id='line_1_36' title="bbox 75 3115 1203 3202; baseline 0 -26"><span class='ocrx_word' id='word_1_314' title='bbox 75 3115 174 3176; x_wconf 85' lang='lat' dir='ltr'><strong>salutis</strong></span> <span class='ocrx_word' id='word_1_315' title='bbox 197 3119 331 3177; x_wconf 89' lang='lat' dir='ltr'><strong>nuntium</strong></span> <span class='ocrx_word' id='word_1_316' title='bbox 354 3118 409 3178; x_wconf 83' lang='lat' dir='ltr'><strong>eibi</strong></span> <span class='ocrx_word' id='word_1_317' title='bbox 431 3119 556 3202; x_wconf 21' lang='lat' dir='ltr'><strong>proprio*</strong></span> <span class='ocrx_word' id='word_1_318' title='bbox 590 3119 742 3178; x_wconf 82' lang='lat' dir='ltr'><strong>eatinatram</strong></span> <span class='ocrx_word' id='word_1_319' title='bbox 765 3133 836 3176; x_wconf 87' lang='lat' dir='ltr'><strong>ease.</strong></span> <span class='ocrx_word' id='word_1_320' title='bbox 880 3115 977 3176; x_wconf 80' lang='lat' dir='ltr'><strong>Ftttoa</strong></span> <span class='ocrx_word' id='word_1_321' title='bbox 994 3116 1133 3176; x_wconf 76' lang='lat' dir='ltr'><strong>Abrubue</strong></span> <span class='ocrx_word' id='word_1_322' title='bbox 1152 3133 1203 3176; x_wconf 84' lang='lat' dir='ltr'><strong>vo-</strong></span> 
     </span>
     <span class='ocr_line' id='line_1_37' title="bbox 77 3193 1204 3272; baseline 0 -16"><span class='ocrx_word' id='word_1_323' title='bbox 77 3201 124 3256; x_wconf 83' lang='lat' dir='ltr'><strong>cat</strong></span> <span class='ocrx_word' id='word_1_324' title='bbox 147 3215 208 3256; x_wconf 91' lang='lat' dir='ltr'><strong>non</strong></span> <span class='ocrx_word' id='word_1_325' title='bbox 231 3203 344 3258; x_wconf 85' lang='lat' dir='ltr'><strong>tantum</strong></span> <span class='ocrx_word' id='word_1_326' title='bbox 366 3197 484 3260; x_wconf 88' lang='lat' dir='ltr'><strong>honoris</strong></span> <span class='ocrx_word' id='word_1_327' title='bbox 508 3215 609 3272; x_wconf 68' lang='lat' dir='ltr'><strong>oanan„</strong></span> <span class='ocrx_word' id='word_1_328' title='bbox 639 3195 688 3257; x_wconf 84' lang='lat' dir='ltr'><strong>aad</strong></span> <span class='ocrx_word' id='word_1_329' title='bbox 712 3203 747 3256; x_wconf 87' lang='lat' dir='ltr'><strong>nt</strong></span> <span class='ocrx_word' id='word_1_330' title='bbox 770 3213 802 3272; x_wconf 89' lang='lat' dir='ltr'><strong>ee</strong></span> <span class='ocrx_word' id='word_1_331' title='bbox 825 3195 900 3254; x_wconf 81' lang='lat' dir='ltr'><strong>ritae</strong></span> <span class='ocrx_word' id='word_1_332' title='bbox 919 3199 1051 3254; x_wconf 77' lang='lat' dir='ltr'><strong>aeternae</strong></span> <span class='ocrx_word' id='word_1_333' title='bbox 1068 3193 1204 3256; x_wconf 70' lang='lat' dir='ltr'><strong>bamedea</strong></span> 
     </span>
     <span class='ocr_line' id='line_1_38' title="bbox 77 3271 1207 3356; baseline -0.004 -20"><span class='ocrx_word' id='word_1_334' title='bbox 77 3282 252 3355; x_wconf 70' lang='lat' dir='ltr'><strong>agnoscente</strong></span> <span class='ocrx_word' id='word_1_335' title='bbox 269 3295 305 3337; x_wconf 91' lang='lat' dir='ltr'><strong>ao</strong></span> <span class='ocrx_word' id='word_1_336' title='bbox 322 3284 383 3338; x_wconf 91' lang='lat' dir='ltr'><strong>tam</strong></span> <span class='ocrx_word' id='word_1_337' title='bbox 402 3277 505 3338; x_wconf 89' lang='lat' dir='ltr'><strong>blande</strong></span> <span class='ocrx_word' id='word_1_338' title='bbox 524 3295 574 3337; x_wconf 90' lang='lat' dir='ltr'><strong>eoa</strong></span> <span class='ocrx_word' id='word_1_339' title='bbox 593 3274 760 3356; x_wconf 77' lang='lat' dir='ltr'><strong>compellat,</strong></span> <span class='ocrx_word' id='word_1_340' title='bbox 788 3271 949 3334; x_wconf 80' lang='lat' dir='ltr'><strong>nodutum</strong></span> <span class='ocrx_word' id='word_1_341' title='bbox 968 3273 1004 3332; x_wconf 88' lang='lat' dir='ltr'><strong>sit</strong></span> <span class='ocrx_word' id='word_1_342' title='bbox 1022 3291 1041 3331; x_wconf 92' lang='lat' dir='ltr'><strong>a</strong></span> <span class='ocrx_word' id='word_1_343' title='bbox 1059 3271 1207 3332; x_wconf 87' lang='lat' dir='ltr'><strong>asuerdote</strong></span> 
     </span>
     <span class='ocr_line' id='line_1_39' title="bbox 75 3351 1206 3436; baseline -0.003 -21"><span class='ocrx_word' id='word_1_344' title='bbox 75 3363 108 3415; x_wconf 87' lang='lat' dir='ltr'><strong>et</strong></span> <span class='ocrx_word' id='word_1_345' title='bbox 130 3355 229 3414; x_wconf 83' lang='lat' dir='ltr'><strong>soribis</strong></span> <span class='ocrx_word' id='word_1_346' title='bbox 254 3375 327 3436; x_wconf 83' lang='lat' dir='ltr'><strong>quos</strong></span> <span class='ocrx_word' id='word_1_347' title='bbox 351 3356 557 3418; x_wconf 75' lang='lat' dir='ltr'><strong>venmabantur</strong></span> <span class='ocrx_word' id='word_1_348' title='bbox 576 3355 775 3416; x_wconf 73' lang='lat' dir='ltr'><strong>dboeoeionem</strong></span> <span class='ocrx_word' id='word_1_349' title='bbox 791 3352 895 3426; x_wconf 77' lang='lat' dir='ltr'><strong>sauma,</strong></span> <span class='ocrx_word' id='word_1_350' title='bbox 914 3351 993 3432; x_wconf 85' lang='lat' dir='ltr'><strong>qnod</strong></span> <span class='ocrx_word' id='word_1_351' title='bbox 1011 3367 1125 3412; x_wconf 68' lang='lat' dir='ltr'><strong>neumae</strong></span> <span class='ocrx_word' id='word_1_352' title='bbox 1143 3355 1206 3412; x_wconf 88' lang='lat' dir='ltr'><strong>erat</strong></span> 
     </span>
     <span class='ocr_line' id='line_1_40' title="bbox 75 3428 1205 3510; baseline -0.007 -14"><span class='ocrx_word' id='word_1_353' title='bbox 75 3441 111 3496; x_wconf 85' lang='lat' dir='ltr'><strong>ut</strong></span> <span class='ocrx_word' id='word_1_354' title='bbox 123 3433 271 3495; x_wconf 83' lang='lat' dir='ltr'><strong>Christum</strong></span> <span class='ocrx_word' id='word_1_355' title='bbox 284 3436 475 3499; x_wconf 83' lang='lat' dir='ltr'><strong>admitterent.</strong></span> <span class='ocrx_word' id='word_1_356' title='bbox 499 3434 592 3496; x_wconf 89' lang='lat' dir='ltr'><strong>Porro</strong></span> <span class='ocrx_word' id='word_1_357' title='bbox 610 3428 747 3496; x_wconf 88' lang='lat' dir='ltr'><strong>memoria</strong></span> <span class='ocrx_word' id='word_1_358' title='bbox 766 3431 921 3492; x_wconf 88' lang='lat' dir='ltr'><strong>tenendum</strong></span> <span class='ocrx_word' id='word_1_359' title='bbox 938 3436 996 3504; x_wconf 86' lang='lat' dir='ltr'><strong>eat,</strong></span> <span class='ocrx_word' id='word_1_360' title='bbox 1025 3429 1103 3509; x_wconf 78' lang='lat' dir='ltr'><strong>qnod</strong></span> <span class='ocrx_word' id='word_1_361' title='bbox 1122 3447 1205 3510; x_wconf 87' lang='lat' dir='ltr'><strong>eupe-</strong></span> 
     </span>
     <span class='ocr_line' id='line_1_41' title="bbox 73 3509 1205 3602; baseline -0.007 -26"><span class='ocrx_word' id='word_1_362' title='bbox 73 3516 136 3576; x_wconf 88' lang='lat' dir='ltr'><strong>rius</strong></span> <span class='ocrx_word' id='word_1_363' title='bbox 156 3513 253 3574; x_wconf 76' lang='lat' dir='ltr'><strong>doouia</strong></span> <span class='ocrx_word' id='word_1_364' title='bbox 273 3517 403 3596; x_wconf 60' lang='lat' dir='ltr'><strong>momnis</strong></span> <span class='ocrx_word' id='word_1_365' title='bbox 422 3515 554 3598; x_wconf 71' lang='lat' dir='ltr'><strong>gentibus</strong></span> <span class='ocrx_word' id='word_1_366' title='bbox 574 3521 672 3596; x_wconf 87' lang='lat' dir='ltr'><strong>aperta</strong></span> <span class='ocrx_word' id='word_1_367' title='bbox 689 3511 947 3591; x_wconf 65' lang='lat' dir='ltr'><strong>essetiannaregni</strong></span> <span class='ocrx_word' id='word_1_368' title='bbox 960 3509 1114 3583; x_wconf 86' lang='lat' dir='ltr'><strong>ooelornm,</strong></span> <span class='ocrx_word' id='word_1_369' title='bbox 1132 3527 1205 3602; x_wconf 57' lang='lat' dir='ltr'><strong>non:</strong></span> 
     </span>
     <span class='ocr_line' id='line_1_42' title="bbox 74 3589 1230 3684; baseline -0.005 -30"><span class='ocrx_word' id='word_1_370' title='bbox 74 3595 147 3654; x_wconf 90' lang='lat' dir='ltr'><strong>dnm</strong></span> <span class='ocrx_word' id='word_1_371' title='bbox 171 3600 267 3654; x_wconf 77' lang='lat' dir='ltr'><strong>nmen</strong></span> <span class='ocrx_word' id='word_1_372' title='bbox 290 3614 380 3656; x_wconf 89' lang='lat' dir='ltr'><strong>oauo</strong></span> <span class='ocrx_word' id='word_1_373' title='bbox 404 3595 494 3676; x_wconf 61' lang='lat' dir='ltr'><strong>pedu</strong></span> <span class='ocrx_word' id='word_1_374' title='bbox 518 3594 645 3656; x_wconf 77' lang='lat' dir='ltr'><strong>deiectos</strong></span> <span class='ocrx_word' id='word_1_375' title='bbox 668 3593 755 3655; x_wconf 86' lang='lat' dir='ltr'><strong>luisse</strong></span> <span class='ocrx_word' id='word_1_376' title='bbox 773 3591 907 3660; x_wconf 79' lang='lat' dir='ltr'><strong>ludaeos,</strong></span> <span class='ocrx_word' id='word_1_377' title='bbox 931 3589 1002 3670; x_wconf 80' lang='lat' dir='ltr'><strong>quin</strong></span> <span class='ocrx_word' id='word_1_378' title='bbox 1025 3589 1230 3684; x_wconf 59' lang='lat' dir='ltr'><strong>primogenita,</strong></span> 
     </span>
     <span class='ocr_line' id='line_1_43' title="bbox 75 3667 1207 3756; baseline -0.001 -23"><span class='ocrx_word' id='word_1_379' title='bbox 75 3679 260 3736; x_wconf 69' lang='lat' dir='ltr'><strong>oensemtur</strong></span> <span class='ocrx_word' id='word_1_380' title='bbox 277 3674 308 3734; x_wconf 90' lang='lat' dir='ltr'><strong>in</strong></span> <span class='ocrx_word' id='word_1_381' title='bbox 331 3671 388 3735; x_wconf 87' lang='lat' dir='ltr'><strong>Dei</strong></span> <span class='ocrx_word' id='word_1_382' title='bbox 411 3676 525 3736; x_wconf 77' lang='lat' dir='ltr'><strong>familie.</strong></span> <span class='ocrx_word' id='word_1_383' title='bbox 570 3673 648 3756; x_wconf 75' lang='lat' dir='ltr'><strong>Ergo</strong></span> <span class='ocrx_word' id='word_1_384' title='bbox 672 3675 796 3734; x_wconf 66' lang='lat' dir='ltr'><strong>ratum</strong></span> <span class='ocrx_word' id='word_1_385' title='bbox 819 3671 875 3732; x_wconf 81' lang='lat' dir='ltr'><strong>illie</strong></span> <span class='ocrx_word' id='word_1_386' title='bbox 898 3670 1016 3731; x_wconf 81' lang='lat' dir='ltr'><strong>missam</strong></span> <span class='ocrx_word' id='word_1_387' title='bbox 1044 3687 1106 3730; x_wconf 82' lang='lat' dir='ltr'><strong>esse</strong></span> <span class='ocrx_word' id='word_1_388' title='bbox 1130 3667 1207 3743; x_wconf 66' lang='lat' dir='ltr'><strong>duell,</strong></span> 
     </span>
     <span class='ocr_line' id='line_1_44' title="bbox 76 3746 1208 3840; baseline -0.008 -26"><span class='ocrx_word' id='word_1_389' title='bbox 76 3753 149 3832; x_wconf 86' lang='lat' dir='ltr'><strong>qnia</strong></span> <span class='ocrx_word' id='word_1_390' title='bbox 176 3753 275 3814; x_wconf 91' lang='lat' dir='ltr'><strong>ordine</strong></span> <span class='ocrx_word' id='word_1_391' title='bbox 299 3755 409 3836; x_wconf 88' lang='lat' dir='ltr'><strong>priores</strong></span> <span class='ocrx_word' id='word_1_392' title='bbox 433 3759 526 3816; x_wconf 84' lang='lat' dir='ltr'><strong>erant:</strong></span> <span class='ocrx_word' id='word_1_393' title='bbox 556 3755 624 3834; x_wconf 86' lang='lat' dir='ltr'><strong>qnia</strong></span> <span class='ocrx_word' id='word_1_394' title='bbox 646 3760 742 3814; x_wconf 71' lang='lat' dir='ltr'><strong>umen</strong></span> <span class='ocrx_word' id='word_1_395' title='bbox 761 3750 878 3814; x_wconf 74' lang='lat' dir='ltr'><strong>,carnale</strong></span> <span class='ocrx_word' id='word_1_396' title='bbox 896 3767 987 3831; x_wconf 77' lang='lat' dir='ltr'><strong>genus</strong></span> <span class='ocrx_word' id='word_1_397' title='bbox 1005 3767 1065 3808; x_wconf 89' lang='lat' dir='ltr'><strong>non</strong></span> <span class='ocrx_word' id='word_1_398' title='bbox 1082 3746 1208 3840; x_wconf 79' lang='lat' dir='ltr'><strong>multum</strong></span> 
     </span>
    </p>

    <p class='ocr_par' dir='ltr' id='par_1_9' title="bbox 73 3828 1210 4310">
     <span class='ocr_line' id='line_1_45' title="bbox 150 3828 1207 3912; baseline -0.007 -21"><span class='ocrx_word' id='word_1_399' title='bbox 150 3849 181 3892; x_wconf 87' lang='lat' dir='ltr'><strong>se</strong></span> <span class='ocrx_word' id='word_1_400' title='bbox 199 3832 321 3894; x_wconf 86' lang='lat' dir='ltr'><strong>babebat</strong></span> <span class='ocrx_word' id='word_1_401' title='bbox 339 3835 486 3908; x_wconf 88' lang='lat' dir='ltr'><strong>momenti,</strong></span> <span class='ocrx_word' id='word_1_402' title='bbox 506 3839 535 3894; x_wconf 89' lang='lat' dir='ltr'><strong>et</strong></span> <span class='ocrx_word' id='word_1_403' title='bbox 553 3833 710 3894; x_wconf 89' lang='lat' dir='ltr'><strong>multorum</strong></span> <span class='ocrx_word' id='word_1_404' title='bbox 729 3851 760 3892; x_wconf 87' lang='lat' dir='ltr'><strong>ee</strong></span> <span class='ocrx_word' id='word_1_405' title='bbox 778 3829 916 3912; x_wconf 88' lang='lat' dir='ltr'><strong>prodebat</strong></span> <span class='ocrx_word' id='word_1_406' title='bbox 934 3828 1079 3909; x_wconf 87' lang='lat' dir='ltr'><strong>impietus,</strong></span> <span class='ocrx_word' id='word_1_407' title='bbox 1098 3844 1207 3906; x_wconf 83' lang='lat' dir='ltr'><strong>speon·</strong></span> 
     </span>
     <span class='ocr_line' id='line_1_46' title="bbox 75 3851 1209 3994; baseline -0.006 -23"><span class='ocrx_word' id='word_1_408' title='bbox 75 3851 146 3971; x_wconf 43' lang='lat' dir='ltr'><strong>la</strong></span> <span class='ocrx_word' id='word_1_409' title='bbox 168 3913 321 3994; x_wconf 75' lang='lat' dir='ltr'><strong>compellat</strong></span> <span class='ocrx_word' id='word_1_410' title='bbox 339 3911 446 3976; x_wconf 81' lang='lat' dir='ltr'><strong>Pardus</strong></span> <span class='ocrx_word' id='word_1_411' title='bbox 471 3931 556 3973; x_wconf 83' lang='lat' dir='ltr'><strong>veros</strong></span> <span class='ocrx_word' id='word_1_412' title='bbox 574 3911 632 3973; x_wconf 86' lang='lat' dir='ltr'><strong>Dei</strong></span> <span class='ocrx_word' id='word_1_413' title='bbox 651 3911 788 3982; x_wconf 85' lang='lat' dir='ltr'><strong>uultures,</strong></span> <span class='ocrx_word' id='word_1_414' title='bbox 812 3907 971 3990; x_wconf 81' lang='lat' dir='ltr'><strong>signidonns</strong></span> <span class='ocrx_word' id='word_1_415' title='bbox 995 3907 1102 3968; x_wconf 87' lang='lat' dir='ltr'><strong>lrnstra</strong></span> <span class='ocrx_word' id='word_1_416' title='bbox 1120 3903 1209 3966; x_wconf 82' lang='lat' dir='ltr'><strong>verba</strong></span> 
     </span>
     <span class='ocr_line' id='line_1_47' title="bbox 74 3985 1209 4072; baseline -0.005 -20"><span class='ocrx_word' id='word_1_417' title='bbox 74 3990 155 4064; x_wconf 88' lang='lat' dir='ltr'><strong>fieri,</strong></span> <span class='ocrx_word' id='word_1_418' title='bbox 178 3991 233 4052; x_wconf 88' lang='lat' dir='ltr'><strong>niai</strong></span> <span class='ocrx_word' id='word_1_419' title='bbox 255 3994 287 4052; x_wconf 90' lang='lat' dir='ltr'><strong>in</strong></span> <span class='ocrx_word' id='word_1_420' title='bbox 305 4012 406 4054; x_wconf 82' lang='lat' dir='ltr'><strong>eornm</strong></span> <span class='ocrx_word' id='word_1_421' title='bbox 424 3993 558 4054; x_wconf 88' lang='lat' dir='ltr'><strong>eordibns</strong></span> <span class='ocrx_word' id='word_1_422' title='bbox 569 3997 676 4072; x_wconf 68' lang='lat' dir='ltr'><strong>regnet</strong></span> <span class='ocrx_word' id='word_1_423' title='bbox 694 3989 750 4050; x_wconf 93' lang='lat' dir='ltr'><strong>Dei</strong></span> <span class='ocrx_word' id='word_1_424' title='bbox 769 3988 944 4067; x_wconf 74' lang='lat' dir='ltr'><strong>timor,‘qoi</strong></span> <span class='ocrx_word' id='word_1_425' title='bbox 962 4003 997 4046; x_wconf 87' lang='lat' dir='ltr'><strong>ea</strong></span> <span class='ocrx_word' id='word_1_426' title='bbox 1014 3985 1139 4066; x_wconf 76' lang='lat' dir='ltr'><strong>excipiat</strong></span> <span class='ocrx_word' id='word_1_427' title='bbox 1157 4003 1209 4046; x_wconf 83' lang='lat' dir='ltr'><strong>ex·</strong></span> 
     </span>
     <span class='ocr_line' id='line_1_48' title="bbox 74 4063 1210 4225; baseline -0.004 -93"><span class='ocrx_word' id='word_1_428' title='bbox 74 4071 347 4212; x_wconf 52' lang='lat' dir='ltr'><strong>oeptaqupapppeat</strong></span> <span class='ocrx_word' id='word_1_429' title='bbox 391 4071 557 4213; x_wconf 80' lang='lat' dir='ltr'><strong>Notapdnm</strong></span> <span class='ocrx_word' id='word_1_430' title='bbox 580 4063 1210 4225; x_wconf 47' lang='lat' dir='ltr'><strong>bmfffluaptwbpfflossffi</strong></span> 
     </span>
     <span class='ocr_line' id='line_1_49' title="bbox 73 4171 513 4213; baseline 0.002 -1"><span class='ocrx_word' id='word_1_431' title='bbox 73 4173 174 4212; x_wconf 80' lang='lat' dir='ltr'><strong>sermo</strong></span> <span class='ocrx_word' id='word_1_432' title='bbox 272 4172 312 4212; x_wconf 77' lang='lat' dir='ltr'><strong>aas</strong></span> <span class='ocrx_word' id='word_1_433' title='bbox 478 4171 513 4213; x_wconf 88' lang='lat' dir='ltr'><strong>ns</strong></span> 
     </span>
     <span class='ocr_line' id='line_1_50' title="bbox 75 4169 1209 4310; baseline -0.009 -17"><span class='ocrx_word' id='word_1_434' title='bbox 75 4249 154 4310; x_wconf 83' lang='lat' dir='ltr'><strong>qnos</strong></span> <span class='ocrx_word' id='word_1_435' title='bbox 179 4248 231 4290; x_wconf 87' lang='lat' dir='ltr'><strong>aua</strong></span> <span class='ocrx_word' id='word_1_436' title='bbox 254 4229 338 4292; x_wconf 86' lang='lat' dir='ltr'><strong>dnloe</strong></span> <span class='ocrx_word' id='word_1_437' title='bbox 359 4233 404 4290; x_wconf 89' lang='lat' dir='ltr'><strong>ine</strong></span> <span class='ocrx_word' id='word_1_438' title='bbox 422 4174 481 4292; x_wconf 71' lang='lat' dir='ltr'><strong>nala</strong></span> <span class='ocrx_word' id='word_1_439' title='bbox 500 4169 625 4292; x_wconf 66' lang='lat' dir='ltr'><strong>altiollm</strong></span> <span class='ocrx_word' id='word_1_440' title='bbox 636 4228 798 4301; x_wconf 82' lang='lat' dir='ltr'><strong>Caeterum,</strong></span> <span class='ocrx_word' id='word_1_441' title='bbox 817 4226 946 4305; x_wconf 85' lang='lat' dir='ltr'><strong>quamvis</strong></span> <span class='ocrx_word' id='word_1_442' title='bbox 965 4225 1023 4287; x_wconf 86' lang='lat' dir='ltr'><strong>tals</strong></span> <span class='ocrx_word' id='word_1_443' title='bbox 1041 4225 1081 4285; x_wconf 85' lang='lat' dir='ltr'><strong>ait</strong></span> <span class='ocrx_word' id='word_1_444' title='bbox 1096 4230 1209 4302; x_wconf 79' lang='lat' dir='ltr'><strong>natura,</strong></span> 
     </span>
    </p>
   </div>
   <div class='ocr_carea' id='block_1_5' title="bbox 74 4303 1169 4393">
    <p class='ocr_par' dir='ltr' id='par_1_10' title="bbox 74 4303 1169 4393">
     <span class='ocr_line' id='line_1_51' title="bbox 74 4303 1169 4393; baseline -0.008 -20"><span class='ocrx_word' id='word_1_445' title='bbox 74 4307 209 4392; x_wconf 86' lang='lat' dir='ltr'><strong>reprobis</strong></span> <span class='ocrx_word' id='word_1_446' title='bbox 228 4329 281 4393; x_wconf 88' lang='lat' dir='ltr'><strong>per</strong></span> <span class='ocrx_word' id='word_1_447' title='bbox 299 4309 429 4374; x_wconf 80' lang='lat' dir='ltr'><strong>aoddens</strong></span> <span class='ocrx_word' id='word_1_448' title='bbox 447 4309 483 4374; x_wconf 85' lang='lat' dir='ltr'><strong>iit</strong></span> <span class='ocrx_word' id='word_1_449' title='bbox 500 4309 573 4374; x_wconf 86' lang='lat' dir='ltr'><strong>odor</strong></span> <span class='ocrx_word' id='word_1_450' title='bbox 591 4309 691 4374; x_wconf 81' lang='lat' dir='ltr'><strong>mortis</strong></span> <span class='ocrx_word' id='word_1_451' title='bbox 710 4309 881 4374; x_wconf 77' lang='lat' dir='ltr'><strong>inmortua</strong></span> <span class='ocrx_word' id='word_1_452' title='bbox 899 4303 947 4386; x_wconf 80' lang='lat' dir='ltr'><strong>(ll.</strong></span> <span class='ocrx_word' id='word_1_453' title='bbox 966 4305 1035 4370; x_wconf 76' lang='lat' dir='ltr'><strong>eor.</strong></span> <span class='ocrx_word' id='word_1_454' title='bbox 1054 4307 1087 4382; x_wconf 82' lang='lat'><strong>3,</strong></span> <span class='ocrx_word' id='word_1_455' title='bbox 1104 4305 1169 4383; x_wconf 84' lang='lat'><strong>16).</strong></span> 
     </span>
    </p>
   </div>
   <div class='ocr_carea' id='block_1_6' title="bbox 0 0 1390 4856">
    <p class='ocr_par' dir='ltr' id='par_1_11' title="bbox 0 0 1390 4856">
     <span class='ocr_line' id='line_1_52' title="bbox 0 0 1390 4856; baseline 0 0"><span class='ocrx_word' id='word_1_456' title='bbox 0 0 1390 4856; x_wconf 95' lang='lat' dir='ltr'><strong> </strong></span> 
     </span>
    </p>
   </div>
  </div>
 </body>
</html>
