2810 4850
145 275 181 334 -6
555 261 594 323 at
615 257 757 324 EVANG.
776 253 909 318 ΙΟΑΝΝ.

166 375 238 446 nem
261 384 415 466 perditum,
445 375 661 460 mgcnerationis
685 374 793 457 Spiritu
818 372 961 434 monne.
1008 367 1086 451 Ergo
1109 375 1294 453 praepostere
1400 377 1401 414 i

167 463 404 546 philosophantur
422 465 452 518 et
469 457 675 539 intempestive.
694 457 745 534 qui
757 454 853 514 lucem
865 451 948 524 hanc,
968 450 1049 510 cuius
1061 453 1191 514 meminit
1199 449 1295 514 Euan.

138 591 141 612 ,
169 545 279 625 gelista,v
295 543 331 603 ad
349 537 534 619 Evangelium
553 535 681 600 referunt
700 541 730 594 et
748 533 846 594 salutis
865 531 1030 592 doctrinam

256 659 288 724 6.
309 651 384 718 Fuit
404 648 502 716 horno
525 647 641 716 missus
662 635 779 729 eDeo}
801 643 851 714 cui
869 665 990 712 nomen
1004 641 1147 714 loannes.
1182 642 1213 725 7.
1235 640 1299 713 Hic
1400 695 1401 734 p

172 760 257 828 venit
278 759 323 826 in.
337 753 571 838 testimonium,
602 763 639 822 ut
664 752 878 822 testificaretur
898 750 939 818 de
959 748 1093 818 lumine
1123 760 1161 819 ut
1182 772 1299 818 omnes
1400 783 1401 814 i

172 863 333 934 crederent
352 884 410 953 per
431 883 515 928 eum.
550 861 582 928 8.
604 857 679 926 Nou
699 869 767 928 erat
786 857 839 926 illc
860 856 928 941 lux,
947 854 1005 924 sed
1025 866 1062 924 ut
1082 857 1301 926 testifimrehar
1400 881 1401 944 f

172 969 211 1036 de
232 969 311 1038 luce.
323 975 325 982 “
338 967 370 1034 9.
389 964 465 1034 Erat
480 965 537 1034 lux
552 985 636 1049 vera,
658 989 740 1058 quae
757 961 912 1032 illuminat
928 977 1058 1030 ornnem
1073 961 1239 1032 hominem
1246 985 1304 1030 ve-

171 1071 359 1143 nientemin
374 1071 539 1140 mundum.
569 1072 620 1140 10.
641 1069 816 1142 inmundo
833 1079 909 1153 erat,
930 1065 1302 1160 eimundusperipsum
1400 1167 1401 1170 Ἴ

109 1179 111 1188 ’
173 1180 272 1246 iactus
289 1187 338 1246 est
354 1179 540 1246 eimundus
558 1201 632 1246 eum
648 1200 715 1248 nou
726 1175 885 1268 cognovit.
909 1174 961 1242 11.
977 1173 1191 1258 insuavenit,
1208 1181 1240 1242 et
1250 1169 1302 1239 sui
1400 1205 1401 1246 i

173 1305 248 1351 eum
258 1305 325 1350 non
335 1294 528 1376 receperunt
552 1287 604 1352 12.
624 1283 791 1375 Quotquot
801 1291 907 1350 autem
917 1289 1104 1372 receperunt
1114 1303 1199 1366 eum,
1214 1277 1303 1346 dedit
1400 1293 1401 1310 ³

174 1391 219 1456 eis
234 1399 425 1480 potestatem
439 1397 476 1480 ut
487 1389 540 1456 filii
551 1389 613 1460 Dei
629 1381 723 1460 fiant:¹
741 1389 779 1480 iip
795 1387 912 1456 scilicet
924 1387 979 1478 qui
989 1385 1121 1478 credunt
1137 1385 1304 1452 innomen

174 1495 251 1562 eius,
297 1495 348 1564 13.
375 1495 439 1582 Qui
465 1519 531 1564 non
553 1521 594 1564 ex
616 1494 834 1587 sanguinibus,
862 1517 970 1584 neque
990 1515 1033 1562 ex
1053 1491 1219 1561 voluntate
1239 1513 1303 1559 oar·

174 1600 232 1685 uis,
253 1625 361 1694 nequo
380 1625 421 1672 ex
442 1601 604 1672 voluntate
627 1601 694 1686 viri,
715 1599 771 1690 sed
793 1624 834 1702 eu
856 1599 928 1670 Deo
950 1598 1016 1668 nati
1037 1608 1120 1698 suat.
1163 1653 1165 1658 ,
1400 1595 1401 1674 ἶ

218 1774 222 1782 ‚
253 1731 280 1792 6.
301 1733 374 1792 Fuit
382 1713 477 1802 bomo.
497 1727 581 1790 Nunc
590 1729 727 1798 disserere
735 1728 833 1809 incipit
842 1725 1031 1806 avangelista,
1083 1702 1307 1799 emodoSermo
1400 1697 1401 1748 ³

174 1807 231 1868 Dei
250 1810 282 1868 iu
299 1822 383 1872 carno
401 1809 594 1878 manifestatus
614 1809 707 1880 suerit.
757 1807 802 1884 ᾼο
826 1827 863 1867 uc
888 1807 951 1888 quis
971 1806 1045 1886 adda
1065 1807 1127 1879 ibet,
1152 1803 1306 1863 Christum
1400 1827 1401 1836 ¹

174 1906 236 1947 csso
259 1894 406 1949 aetornum
428 1887 486 1952 Dei
509 1888 615 1962 filium,
641 1887 754 1950 Ioannis
770 1887 819 1959 ‘Ba
840 1889 922 1948 tistae
941 1886 1101 1967 ‚praeconio
1126 1881 1304 1944 celebramm
1400 1915 1401 1932 i

175 1967 261 2026 fuisse
281 1969 390 2030 recitat
418 1965 531 2046 Neque
550 1970 626 2028 enirn
645 1987 678 2028 sc
696 1973 808 2030 tantum
820 1907 988 2028 bominibus
1006 1963 1154 2024 visendum
1167 1959 1306 2020 Christus
1400 2001 1401 2004 ,

175 2045 311 2121 extabuit,
330 2047 381 2107 sed
399 2047 492 2107 voluit
510 2047 595 2108 etiam
613 2047 776 2108 testimonio
794 2045 908 2108 loannis
927 2065 961 2108 ac
975 2045 1102 2116 doctrina
1114 2043 1306 2102 innotescere.

50 2132 52 2140 ’
153 2135 162 2206 ᾗ
174 2125 236 2192 lano
260 2124 342 2185 Deus
367 2123 579 2202 Patethestem
603 2125 681 2187 hunc
700 2125 815 2191 Christo
840 2147 893 2188 suo
939 2125 1090 2188 memiana
1105 2140 1164 2202 quo
1192 2117 1306 2179 facibus

65 2217 76 2234 ‘
175 2204 300 2300 uitiatam
319 2201 355 2300 ab
374 2205 425 2301 ilio
445 2205 566 2302 salutem
584 2225 684 2301 omnes
703 2208 868 2342 reciperent.
913 2147 1015 2264 dnae
1033 2197 1304 2295 tumenebsnrdnm

173 2301 266 2364 pruma
284 2283 356 2344 sacre
374 2285 473 2362 viden„
494 2285 609 2349 cansa
628 2283 742 2351 ahands
774 2302 822 2353 ,arr
840 2287 1042 2352 testimonium,
1062 2298 1144 2358 quasa
1157 2297 1217 2359 apso
1230 2273 1303 2336 1nd1-
1400 2311 1401 2330 i

137 2405 140 2411 ι
174 2369 246 2442 gent.
271 2361 365 2441 Atqui
380 2365 553 2443 pronuntiat,
573 2382 605 2424 se
623 2362 660 2422 ab
674 2361 790 2424 homine
804 2359 996 2420 testimonium
1011 2377 1069 2418 uon
1084 2377 1228 2436 quaerero
1246 2353 1303 2414 Re-

174 2441 289 2519 sponsio
304 2441 393 2499 facilis
408 2449 438 2499 et
451 2447 585 2513 notescet,
598 2445 701 2498 testem
714 2439 792 2498 huuc
805 2442 911 2512 nostra,
926 2455 986 2498 non
996 2435 1104 2508 Christi
1116 2455 1202 2498 causa
1215 2435 1306 2495 fuisse

175 2519 347 2590 orriinaturp.
378 2515 411 2575 Si
431 2519 494 2596 quis
512 2517 636 2592 obiiciat,
654 2517 738 2576 nimis
756 2515 901 2576 infirmum
919 2535 989 2578 esse
1000 2517 1195 2578 testtmonium
1212 2514 1306 2576 homi-

174 2597 227 2670 nis,
245 2602 278 2656 ut
297 2595 427 2655 Christus
446 2597 582 2676 probetur
601 2615 663 2670 esse
681 2595 757 2656 fitius
769 2592 840 2658 Dei:
860 2595 906 2656 hio
925 2615 1043 2677 quoquc
1060 2597 1090 2656 iu
1101 2601 1246 2734 promptu
1260 2599 1307 2655 cst

174 2675 297 2748 celatim.
311 2695 371 2738 nou
389 2676 470 2750 citari
488 2675 647 2757 baptistam
666 2677 748 2757 quasi
766 2675 908 2760 privatum
927 2682 1043 2751 testem,
1067 2694 1099 2736 se
1139 2676 1189 2756 qui
1208 2674 1307 2736 uuna

174 2755 340 2814 auctoritate
351 2755 512 2835 praeditus,
531 2757 624 2838 angeli
637 2758 728 2838 magia
743 2776 830 2838 qnam
842 2755 965 2819 hominis
995 2773 1125 2825 ursonem
1138 2754 1306 2814 substineat.

173 2833 242 2894 Ideo
260 2855 318 2894 non
338 2853 454 2894 suarum
472 2836 612 2896 virtutum
631 2837 677 2897 elo
716 2857 730 2896 s
751 2842 881 2912 ornatur,
905 2835 956 2896 scd
974 2777 1032 2896 boo
1050 2855 1124 2910 uno,
1149 2833 1227 2914 quod
1245 2831 1307 2892 Dei
1400 2871 1401 2880 a

173 2914 283 2990 legatus
296 2913 395 2973 fuerit..
408 2912 469 2976 Nec
480 2914 582 2988 obstat,
597 2859 834 2996 quoddihangelii
847 2915 1017 2996 praedicatio
1028 2914 1143 2976 Christo
1153 2913 1307 2973 commissa

174 2993 236 3067 fuit,
256 2993 361 3087 utflsibi
379 2995 441 3074 ipse
459 2996 641 3092 testisnesset.
680 2995 715 3056 Iu
734 2995 812 3055 hunc
830 2995 906 3054 enim
924 2995 1011 3056 tinem
1030 2991 1176 3076 spectabat
1188 2991 1306 3052 Ioannis

139 3135 141 3140 ·
174 3073 1306 3230 ibib”bttttbbtitbtttfiibtffh‘ttiffictba

173 3232 309 3292 meminit.
339 3230 404 3292 Hoc
422 3233 459 3293 ad
478 3234 675 3295 certimdinem
692 3234 835 3313 nonsatis
850 3239 904 3308 est,
923 3253 1014 3312 quum
1026 3232 1111 3292 multi
1123 3235 1225 3313 sponte
1239 3248 1305 3290 cur·

172 3317 281 3386 rentes„
295 3311 429 3372 dimnitm
448 3333 479 3374 se
498 3315 599 3374 missos
617 3315 735 3374 iactent:
756 3313 807 3373 sed
818 3309 999 3394 Evangelista
1016 3313 1103 3394 paulo
1116 3317 1184 3393 post
1197 3309 1233 3372 dc
1247 3309 1306 3370 hoc

173 3395 245 3460 teste
263 3390 346 3470 plura
366 3392 608 3466 verbosantem,
633 3395 700 3464 satis
720 3391 818 3453 habuit
837 3411 896 3454 amo
915 3391 1003 3452 verim
1021 3391 1151 3472 praefari,
1174 3409 1234 3450 non
1253 3408 1304 3448 re-

172 3470 247 3530 nisse
263 3471 320 3546 ,nisi
334 3469 393 3531 Dei
410 3473 553 3534 mandato.
582 3472 688 3540 Postea
706 3472 864 3536 videbImus
884 3469 1029 3552 quomodo
1043 3469 1139 3528 Deum
1156 3469 1306 3528 ministerii
1400 3499 1401 3508 κ

173 3551 218 3616 sui
238 3557 383 3612 auctorem
402 3558 517 3612 asserat
562 3551 648 3614 Nunc
667 3553 821 3614 tenendum
839 3557 884 3613 est
903 3551 916 3628 (
937 3548 994 3609 nod
1012 3548 1091 3643 prius
1110 3545 1202 3626 attigi)
1222 3549 1308 3626 quod
1400 3543 1401 3582 Τ

173 3630 209 3689 de
228 3629 333 3692 loanne
352 3629 540 3712 praedicatur,
559 3632 589 3690 in
609 3633 740 3694 omnibus
753 3631 897 3692 Ecclesiae
916 3572 1078 3688 docontes
1097 3627 1212 3706 requiri,
1232 3633 1267 3686 ut
1286 3647 1306 3688 a

172 3706 237 3768 Deo
257 3713 350 3770 vocati
370 3712 440 3771 siut:
458 3731 496 3771 ne
515 3709 583 3770 aiibi
602 3730 689 3790 quam
708 3712 738 3770 in
757 3712 819 3772 solo
838 3709 903 3770 Deo
922 3706 1039 3768 fundata
1057 3707 1095 3766 sit
1113 3705 1236 3766 docendi
1253 3723 1306 3768 au·

172 3787 296 3846 ctoritas.
326 3787 439 3849 Nomen
458 3789 599 3871 exprimit,
618 3810 679 3849 non
696 3795 809 3850 tantum
822 3788 945 3850 hominis
958 3785 1124 3868 designandi
1137 3805 1232 3860 causa,
1251 3787 1307 3846 scd

172 3865 315 4006 aaa
328 3885 373 4004 a
384 3870 496 4008 aec

172 4025 231 4084 cari
249 4044 302 4106 per
321 4025 453 4106 angelum
472 4022 561 4101 iussit,
582 4029 698 4088 atinde
717 4047 815 4106 omnes
834 4034 1020 4108 agnoscerent
1033 3989 1100 4087 euin
1114 4024 1226 4086 divinae
1240 4043 1303 4106 gra-

172 4105 229 4180 tiae
247 4122 426 4184 praeconem
459 4103 583 4168 Tametsi
600 4109 678 4169 euim
692 4109 804 4190 passive
824 4114 911 4166 tamn*
932 4107 1023 4187 accipi
1038 4111 1143 4186 potest,
1162 4113 1249 4186 atque
1261 4106 1303 4166 ita
1400 4165 1401 4182 q

172 4183 209 4244 ad
228 4203 380 4264 personam
398 4183 507 4262 referri,
526 4185 604 4266 quod
623 4185 696 4248 Deo·
707 4193 805 4268 gratus
825 4185 944 4246 loannes
963 4186 1060 4246 tuerit:
1080 4203 1135 4266 ego
1153 4191 1251 4245 tamen
1269 4185 1303 4246 li·

171 4263 270 4325 benter
289 4264 325 4334 ad
344 4263 470 4324 fructum
488 4285 575 4346 quem
594 4284 631 4326 ex
650 4286 685 4328 eo
705 4267 753 4328 alii
770 4265 917 4348 percipere
937 4264 1084 4338 decebant,
1103 4261 1237 4332 extendo.

250 4344 280 4405 7.
297 4347 442 4405 Htoaentt
453 4353 485 4406 tu
494 4354 701 4408 testimoium.
718 4343 818 4408 Finem
827 4345 985 4407 vocationis
993 4343 1119 4406 breviter
1220 4343 1227 4360 '
1248 4344 1301 4424 git:
1400 4365 1401 4416 3

171 4441 274 4507 nempe
299 4429 331 4486 ut
356 4417 472 4488 Christo
497 4421 654 4496 Ecclesiam
677 4431 805 4510 punam,
836 4421 1076 4509 quemadmodum
1100 4441 1117 4486 a
1156 4418 1304 4488 Christum
1400 4439 1401 4444 ’
