2810 4850
109 253 118 271 ‘
177 253 216 313 72
564 245 604 306 lN
622 241 761 307 EVANG.
781 191 930 316 thli'ii·¹

95 351 102 362 ’
180 371 210 424 et
227 363 329 428 erroris
348 361 469 436 damnat,
488 361 563 440 apud
579 359 697 422 ludaeos
717 379 784 420 vero
802 359 920 455 probam
938 363 969 420 et
985 358 1137 440 legltlr'nm
1152 361 1290 432 lulmetc-
1394 353 1395 440 ]

180 449 278 502 statur.
327 439 365 500 Et
387 458 499 499 causam
523 435 694 500 differentiae
713 439 838 511 subiicit,
867 437 945 519 quod
963 436 1070 500 ludaeis
1089 447 1235 512 constaret
1253 464 1291 505 ex

180 520 268 582 verbo
286 519 343 579 Dei
361 519 453 578 cultor
472 518 516 576 eui
534 519 685 592 medo,
703 517 873 584 Samaritani
891 524 987 578 numm
1004 517 1073 578 nihil
1091 521 1162 580 certi
1180 540 1221 581 ex
1240 542 1293 583 ore

180 597 237 660 Dei
265 599 403 658 terrebant
451 593 583 656 Secunde
607 597 729 658 declarat
751 598 823 656 ritus
845 596 980 658 hactenus
1000 616 1017 656 n
1034 595 1141 660 ludaeis
1159 605 1293 662 anates

180 677 259 738 brevi
276 676 420 740 habihrroe
443 674 537 740 finem.
582 678 802 736 recederetis.
840 673 1027 736 Memorabilis
1051 679 1200 752 mutantia,
1231 699 1292 759 qiua

180 758 313 818 doemnur
330 755 398 816 nihil
415 755 446 814 in
463 754 596 834 religione
615 762 721 816 temere
739 755 787 816 vel
804 753 921 815 fortuite
939 772 1001 814 enee
1019 755 1194 832 tentandum,
1222 759 1292 838 quein

179 831 319 900 nini'aseit
337 833 451 894 amentia
468 853 526 892 nen
545 835 601 894 iam
619 831 716 908 Dono,
744 831 794 893 scd
812 833 977 914 phantasma
995 833 1044 894 vel
1062 841 1204 915 spectrum
1222 837 1291 898 eoli-

99 933 108 942 ⁴
180 907 256 974 tun'
283 911 380 992 ltaque
407 912 463 976 hnc
490 911 608 973 fulmine
632 911 783 974 coneidrmt
805 912 896 974 bonae
915 932 1013 980 omnen
1030 913 1201 976 intentiones
1219 935 1292 996 quae

178 997 296 1052 vocant:
324 991 458 1061 hebemus
476 992 566 1065 enim,
594 991 722 1052 homines
740 991 809 1051 nihil
826 1011 911 1073 poene
929 1011 1016 1074 quam
1034 1012 1143 1068 mnae,
1172 992 1223 1054 nbi
1239 1014 1294 1056 eun

179 1091 228 1130 eos
247 1071 318 1149 regit
336 1071 431 1150 opinio
451 1071 510 1130 sine
528 1067 685 1154 verbegaut
703 1070 835 1132 mandato
853 1069 917 1130 Dei.
952 1069 1031 1134 ¹Nem
1045 1071 1292 1153 Gbrintnnpcne.

178 1169 245 1208 nam
264 1156 292 1208 et
310 1167 423 1210 eausam
461 1151 531 1208 entis
550 1169 626 1209 eune
637 1150 803 1230 succipiens,
819 1147 949 1212 ludaeos
968 1149 1050 1231 longe
1069 1170 1088 1212 o
1106 1149 1291 1214 Samaritaniu

179 1228 280 1286 distare
299 1227 390 1306 docet.
452 1248 490 1288 ur
506 1227 554 1290 id?
586 1231 796 1312 ›Quoniam'ex
813 1237 886 1310 ipretc
903 1239 946 1290 eet
959 1233 1049 1306 selua,
1067 1231 1098 1290 in
1139 1231 1167 1304 t,
1228 1233 1235 1247 ⁸
1255 1251 1291 1291 un

177 1305 270 1372 verbio
289 1306 426 1387 signifieat
443 1305 498 1366 hoe
517 1327 575 1368 uno
594 1327 643 1370 eoe
662 1314 811 1388 praestare,
831 1307 907 1445 prod
927 1315 1055 1369 aeternae
1136 1311 1171 1370 lie
1201 1311 1290 1376 oetas
1395 1313 1396 1322 ’

179 1404 244 1444 cum
262 1385 316 1444 illie
336 1387 477 1467 pepigerat
495 1383 584 1446 Deus.
633 1384 757 1464 Quidam
775 1385 811 1444 ud
856 1385 976 1447 hrishnn
1068 1389 1075 1404 ’
1153 1393 1166 1448 t
1184 1389 1234 1468 qui
1250 1407 1291 1450 ex

698 1461 703 1468 ι

177 1463 286 1526 ludaeis
304 1465 466 1546 progenitus
485 1472 537 1524 est
565 1463 603 1526 Et
621 1473 705 1540 certe,
723 1465 837 1560 mando
855 1467 967 1546 inipso
986 1487 1085 1528 omnen
1145 1467 1293 1548 'pmmin-
1393 1505 1396 1520 ι

178 1543 270 1606 einnea
287 1550 365 1604 ratae
383 1550 449 1604 eunt
466 1563 501 1602 ac
519 1543 625 1620 brunae,
643 1543 722 1605 nulia
739 1545 793 1603 nisi
811 1565 841 1603 m
859 1564 895 1604 ee
914 1545 990 1606 enlm
1015 1545 1060 1625 (lb
1082 1545 1149 1606 Cor.
1169 1551 1197 1621 1,
1216 1545 1288 1624 te).

178 1619 236 1682 Sed
255 1623 321 1702 quia
339 1623 452 1682 minime
476 1621 593 1682 dubium
615 1630 659 1684 est
682 1625 751 1704 quin
768 1621 886 1684 Iudaeos
910 1623 974 1684 ideo
993 1624 1133 1706 praeierat
1151 1624 1290 1698 Christus,

178 1699 255 1780 quod
272 1721 330 1762 non
348 1701 520 1781 incognitum
538 1701 653 1782 aliquod
669 1721 784 1778 numen
803 1701 852 1762 sed
871 1700 967 1764 Deum
985 1724 1074 1764 unum
1093 1703 1220 1780 adorant,
1238 1705 1291 1798 qul

177 1799 207 1838 se
236 1779 290 1838 illie
313 1781 457 1862 patefecit,
486 1787 515 1840 et
534 1799 552 1840 a
570 1802 629 1876 quo
648 1788 714 1842 sunt
731 1783 762 1842 in
780 1781 920 1863 populum
937 1781 1076 1864 adoptati,
1104 1783 1157 1846 suh
1174 1803 1291 1844 nomene

176 1857 282 1918 Salutis
301 1859 424 1920 salvifica
442 1859 491 1922 illa
509 1859 703 1936 manifestatio,
823 1880 861 1920 ex
874 1859 991 1922 eoeleeli
1006 1860 1289 1935 doetrinnhabebnnt,

83 1983 87 1992 .
176 1935 292 2018 intelligi
311 1937 402 1999 debet
421 1937 480 2000 Sed
498 1958 551 2000 cur
569 1938 636 2002 dicit
654 1938 690 2000 ab
710 1939 717 1956 ⁸
741 1941 748 1955 “
782 1957 853 2014 esse,
873 1960 962 2021 quum
977 1942 1073 2036 potine
1091 1939 1168 2022 apud
1180 1939 1289 2002 eosde-

176 2017 359 2154 pnsptpideseet
377 2024 461 2156 utten
480 2017 534 2156 ⁸1³⁰ss
538 2017 730 2178 plihueulgserpnffil
754 2017 874 2156 Allugit,
893 2019 1088 2166 messhffl’
1105 2019 1292 2178 adsidzqgogl

195 2113 226 2154 re
301 2117 348 2156 um
366 2115 414 2157 em
444 2115 462 2155 a
504 2117 537 2156 ro
723 2117 804 2164 emo
846 2116 894 2158 ron
1161 2143 1168 2159 .
1257 2141 1290 2160 ..

175 2114 249 2232 ham
268 2193 303 2234 ea
322 2171 481 2236 conditione
580 2175 691 2258 goliad
711 2183 822 2258 tempus
840 2119 932 2236 orani)
940 2196 957 2236 a
975 2177 1090 2258 reliquis
1109 2177 1237 2259 populis,
1256 2183 1292 2238 ut

175 2250 210 2310 eb
230 2253 297 2332 ipsis
316 2253 428 2314 landem
446 2253 483 2314 ed
501 2260 531 2316 tn
611 2254 749 2316 mundum
767 2253 905 2337 puraDci
913 2258 1034 2338 oegrritio
1046 2263 1179 2322 moneret
1204 2255 1290 2321 Sum·

176 2349 223 2392 ma
246 2337 341 2395 tamen
364 2331 421 2393 buc
444 2331 531 2408 redit,
558 2352 617 2394 non
640 2335 694 2394 rite
712 2333 768 2396 coli
786 2333 882 2395 Deum
900 2333 955 2394 nini
972 2355 1009 2396 ex
1027 2335 1093 2396 lidei
1111 2335 1290 2408 cortibudine,

148 2435 155 2452 1
176 2427 262 2488 quam
281 2430 318 2470 cx
331 2409 387 2471 Dei
405 2410 491 2472 verbe
510 2412 587 2494 gigni
605 2423 718 2473 necnee
736 2419 789 2488 eet,
808 2413 884 2476 unde
902 2415 1029 2494 nequitum
1046 2415 1083 2476 ad
1101 2415 1292 2476 idololatriam

175 2487 285 2566 prolabi
304 2489 465 2570 quicunque
483 2509 500 2550 a
519 2490 606 2551 verbo
626 2491 780 2554 discedunt
820 2492 905 2554 Clare
922 2494 998 2568 enim
1016 2497 1136 2562 tcrtntm
1150 2493 1292 2570 cuncus,

173 2565 282 2624 idolum
301 2573 350 2626 ont
367 2569 450 2630 inane
468 2569 633 2651 figmentum
652 2572 737 2632 statui
749 2569 807 2632 Dei
820 2571 895 2649 loeo,
913 2570 962 2633 ubi
976 2591 1075 2634 verum
1089 2571 1186 2634 Deum
1199 2571 1291 2638 homi·

172 2661 223 2705 nee
242 2645 381 2724 ignorant,
406 2649 519 2710 damnat
538 2657 632 2712 autem
651 2651 822 2732 ignorantiae
841 2671 939 2713 omnes
958 2651 1061 2734 quibua
1079 2671 1112 2712 ee
1130 2649 1210 2713 Deus
1229 2653 1291 2734 ipen

172 2723 1290 2890 t{trt‘tittilfflhtthttlttlthhl‘titt’,ttffitt

173 2877 443 2946 aboleverint'ritae
467 2895 596 2950 aeternae
618 2891 718 2952 foedus
736 2911 802 2952 mum
820 2889 950 2952 Pabibuo
972 2893 1124 2964 eandum,
1186 2908 1289 2954 eoam

171 2957 222 3020 illo
240 2961 366 3040 privator
384 2983 446 3024 esee
505 2987 550 3028 em
569 2975 637 3029 tunc
653 2966 747 3030 adhuc
766 2969 910 3030 nnebmn
929 2969 1055 3032 nondum
1072 2969 1147 3028 enim
1165 2965 1288 3028 abdicati

172 3045 252 3099 erent
271 3058 309 3099 ex
325 3037 451 3103 Eeoleeia
465 2988 534 3106 hilei.
561 3045 647 3108 Nunc
665 3069 755 3130 quum
774 3047 913 3130 abnegent
930 3047 1040 3123 Filium,
1057 3045 1128 3107 nihil
1146 3065 1212 3108 cum
1230 3044 1287 3106 Pn-

171 3123 216 3176 tre
242 3117 298 3180 illie
322 3140 470 3184 commune
493 3133 544 3186 eet
592 3125 670 3188 Idem
688 3129 723 3188 de
741 3127 871 3188 omnibus
890 3127 1077 3200 sentiendum,
1106 3125 1156 3207 qui
1174 3143 1192 3185 o
1211 3144 1285 3206 pnrn

170 3191 315 3290 Evangelii
338 3195 395 3260 lide
413 3203 449 3262 nd
467 3223 519 3264 eun
537 3211 567 3264 et
584 3204 732 3268 bominum
750 3213 910 3270 commun
928 3205 1145 3268 transvolnrunt
1185 3200 1286 3282 Quam

170 3279 275 3333 tumme
293 3275 346 3336 sibi
364 3279 394 3339 in
413 3300 463 3342 ena
482 3285 633 3364 pertinacia
652 3285 830 3346 blandiantur
848 3292 877 3348 et
894 3285 1042 3366 plaudant,
1071 3285 1121 3366 qui
1144 3302 1286 3344 exsensu

170 3369 223 3416 suo
242 3354 288 3414 vel
307 3355 453 3420 bominum
472 3368 515 3421 tra
536 3363 667 3424 '‘onibne
685 3362 917 3440 adorantDenm,
935 3364 1006 3427 baec
1018 3383 1144 3426 unovex
1158 3363 1284 3430 deooele

169 3431 315 3510 detonans,
339 3438 475 3518 quioquid
494 3460 526 3501 se
565 3442 647 3504 abere
665 3451 766 3525 putant
785 3444 911 3504 divinum
929 3450 960 3506 et
977 3449 1107 3504 emotum
1125 3441 1287 3524 prosternit,

169 3507 230 3572 Vos
250 3512 371 3578 adoratis
390 3517 468 3597 qued
487 3523 608 3582 nescitis.
647 3520 754 3618 ltaque,
773 3531 806 3584 nt
823 3521 889 3584 Deo
908 3520 1043 3604 probetur
1060 3527 1158 3582 nostra
1176 3521 1285 3602 religio,

167 3607 281 3660 neeesse
300 3602 343 3655 eet
361 3603 395 3656 nt
412 3597 442 3656 in
461 3601 604 3664 scientiam
623 3616 661 3661 cx
679 3622 739 3662 uun
758 3602 845 3663 verbo
864 3607 1030 3682 conceptam
1048 3600 1201 3660 recumbat.

169 3685 174 3692 '
245 3675 292 3733 23.
313 3677 372 3736 Sed
389 3685 465 3737 veen
484 3681 567 3740 borco
593 3679 729 3760 Sequibur
746 3681 885 3761 posteriue
903 3679 1062 3742 membrum
1077 3679 1113 3742 de
1122 3677 1286 3758 abrogando

164 3743 192 3810 le
212 3747 248 3806 eli
268 3751 355 3816 cultu.
407 3752 507 3834 Quum
527 3757 608 3834 dicit,
632 3757 732 3824 heram
750 3760 847 3819 venire
865 3765 916 3819 eut
934 3765 1097 3832 venturam,
1121 3757 1248 3820 ordinem
1267 3773 1285 3814 a

165 3765 246 3883 hine
266 3829 398 3890 traditum
417 3851 476 3898 non
495 3835 556 3896 sore
574 3843 742 3930 perpetuum
761 3837 857 3912 donet,
887 3857 978 3919 quum
998 3837 1079 3912 dicit,
1105 3834 1208 3896 berem
1226 3835 1286 3894 ianr

165 3919 243 3960 nuno
270 3921 344 3980 osee,
372 3909 460 3972 linem
478 3913 598 3994 imponet
617 3917 793 3993 ceremoniis,
822 3924 909 3997 atque
927 3918 967 3977 ilo
985 3916 1120 3976 admonet
1136 3913 1286 3994 implebam

163 3998 226 4040 eene
246 3985 424 4050 correctionis
444 3997 564 4073 tempus.
597 3993 705 4054 Interea
724 3994 874 4078 Templum
892 4003 922 4056 et
940 3995 1138 4057 Sacerdotium
1155 3993 1287 4072 ritusque

162 4076 262 4118 omnen
287 4061 342 4124 illie
367 4083 492 4128 annexos
513 4071 633 4152 prebat,
739 4077 800 4136 lum
823 4073 860 4136 ad
884 4073 1027 4155 praeteriti
1046 4071 1182 4160 temporis
1200 4091 1284 4143 unum

162 4133 384 4230 §Rebi-9210)
427 4143 518 4210 Porro
537 4157 571 4210 nt
589 4158 669 4214 oeten
705 4160 718 4213 t
736 4151 831 4214 Deum
850 4171 943 4234 neque
958 4151 1287 4243 Hiemmlymhxneque

159 4235 190 4278 m
209 4224 307 4311 monte
326 4219 441 4284 Garizin
458 4228 531 4290 velle
550 4229 670 4305 adorari,
689 4232 772 4292 altine
790 4232 961 4313 principium
980 4231 1076 4308 sumit,
1096 4249 1194 4293 verum
1212 4227 1284 4292 suli·

158 4301 210 4388 eet·
224 4315 283 4356 erue
303 4297 495 4368 adorationem
514 4309 545 4368 in
560 4307 668 4390 Spiritu
686 4313 768 4372 sitam
787 4330 856 4385 esse.
907 4309 982 4372 Nam
1000 4309 1066 4374 inde
1085 4307 1213 4389 nequitur
1231 4308 1286 4368 rite

163 4372 267 4456 ubique
286 4375 415 4448 locorum
434 4381 565 4450 breem
605 4385 734 4454 Primum
752 4395 846 4458 tamen
866 4387 913 4453 lic
932 4389 1087 4472 puerum,
1107 4407 1159 4452 our
1177 4393 1207 4447 et
1227 4405 1286 4468 (1¹1⁰
