2754 4864
552 227 683 294 CAPUT
702 227 743 294 K
1140 245 1201 306 209

66 347 178 408 fructus
206 343 242 406 ad
273 361 329 405 nos
353 363 446 428 usqne
469 347 607 428 peruenit.
649 345 759 410 Eodem
784 349 871 410 nodo
895 345 1018 427 Paulus,
1050 359 1205 435 postquam

67 427 167 488 docuit
186 425 332 486 Christum
357 443 419 484 esse
438 445 538 507 pacem
557 418 701 505 nostram,
725 449 796 489 mox
816 429 942 506 subiicit,
966 430 1065 514 Ipsum
1083 435 1204 510 venisse,

67 515 101 568 ut
124 523 223 663 ppqem
246 506 429 566 annuntiaret
452 507 502 566 iis:
531 509 582 589 qui
604 528 698 592 prope
720 516 803 572 eram
826 516 856 570 et
881 512 930 592 qui
954 511 1056 594 procul
1079 511 1204 596 (Ephes.

66 593 133 664 2,1
157 632 188 646 ..
925 591 948 623 ·’

144 669 193 730 37.
218 665 328 726 Nostte
351 666 474 726 vntum.
519 665 641 728 Condat
664 666 736 730 haec
760 667 837 730 Petri
858 672 962 734 concio
987 669 1098 732 duobus
1122 689 1203 756 prae-

65 749 149 829 cipue
168 743 313 806 membris.
344 742 419 805 Nam
459 746 533 806 n'ore
552 747 619 808 loco
639 747 787 810 historiam
806 749 922 824 recitat,¹
936 749 1037 812 delude
1056 750 1093 811 ad
1112 750 1202 813 histo·

63 829 122 888 riae
145 825 273 888 fructum
297 765 458 885 amende
495 823 569 887 Nam
594 847 684 908 quum
708 829 846 890 adrentus
872 829 979 891 Christi
1003 832 1035 890 iu
1053 831 1202 908 muudum,

64 926 143 967 mors
164 912 193 966 et
211 907 390 979 resurrectio,
410 908 527 967 materis
547 908 604 968 sint
622 909 721 970 edatis
741 917 869 980 nostrae,
900 930 959 971 non
979 910 1061 971 ahter
1077 914 1203 1008 proponi

65 989 97 1047 in
116 986 236 1045 salutem
255 983 385 1046 christus
405 991 512 1066 potest,
533 1004 619 1067 quam
640 989 664 1048 si
683 989 776 1069 primo
796 996 943 1049 teneamus
961 989 1057 1071 ipsum
1076 991 1200 1052 induisse

66 1083 183 1126 caruem
201 1071 334 1140 nostram,
353 1065 393 1124 ita
412 1072 557 1126 versatum
576 1068 651 1127 inter
668 1066 807 1143 homines,
827 1075 861 1128 ut
879 1068 1025 1130 sedilium
1041 1067 1097 1131 Dei
1117 1071 1202 1132 certis

68 1145 237 1206 testimoniis
255 1163 316 1204 esse
335 1142 498 1225 probarent,
517 1146 632 1206 undem
652 1147 731 1206 cruci
751 1147 870 1208 affixum
889 1147 985 1209 etDei
1003 1150 1110 1209 virtute
1125 1151 1200 1210 exci-

67 1231 160 1284 tatum
179 1243 196 1284 a
214 1225 343 1284 mortuis.
363 1221 489 1284 Rursum
509 1245 546 1284 ne
565 1225 665 1305 frigida
685 1233 715 1285 et
733 1227 839 1286 inutilis
859 1227 897 1287 sit
920 1227 1053 1288 historiae
1068 1231 1201 1310 cognitio,

66 1303 151 1364 simul
170 1302 322 1363 tradendus
342 1303 468 1379 estfiuis,
489 1323 541 1364 cur
555 1323 592 1365 ex
604 1305 692 1386 gloria
702 1307 816 1366 coelesti
827 1306 1005 1366 inmundum
1017 1307 1200 1382 descenderit,

66 1403 119 1444 cur
141 1390 264 1444 mortem
288 1384 379 1444 crucis
404 1383 553 1463 pertulerit
575 1391 634 1445 tam
657 1383 825 1467 probrosam
851 1387 928 1466 apud
947 1385 1077 1446 homines
1096 1391 1126 1447 et
1143 1385 1201 1448 Dei

13 1499 14 1504 ι
64 1484 116 1525 ore
144 1463 334 1524 maledictam.
378 1461 527 1523 Tradenda
557 1471 601 1524 est
624 1465 840 1525 resurectionis
863 1481 964 1540 causa,
993 1465 1069 1525 unde
1095 1463 1200 1528 borum

64 1545 193 1604 omniurn
213 1543 329 1602 effectus
349 1541 516 1623 insuetusque
535 1543 692 1626 colligitur,
712 1563 815 1626 nempe
835 1545 914 1626 quod
933 1545 1094 1606 exinamtus
1113 1545 1201 1606 fuerit

64 1623 211 1697 Christus,
234 1629 268 1682 ut
287 1642 343 1682 uos
363 1625 413 1702 qui
433 1621 536 1702 perditi
555 1643 668 1684 mamus
692 1625 721 1684 iu
740 1623 943 1684 beatitudinem
961 1625 1101 1704 integram
1119 1627 1199 1686 resti·

63 1709 172 1763 tueret:
196 1702 275 1783 qnod
298 1703 383 1761 simul
407 1721 473 1763 cnm
499 1721 584 1764 carne
607 1709 705 1764 nostra
729 1703 888 1764 fraternum
911 1721 979 1785 erga
997 1721 1051 1765 nos
1071 1721 1199 1766 amorem

62 1783 201 1844 induerit:
221 1781 301 1863 quod
320 1789 430 1842 nostras
450 1783 480 1842 in
500 1801 531 1843 se
549 1782 727 1864 infirmitates
746 1783 901 1920 susciqiens
920 1801 1019 1844 earum
1037 1779 1131 1843 onere‘
1143 1801 1197 1844 nos

62 1863 177 1924 levarit:
238 1863 276 1922 od
294 1869 409 1944 peccata
428 1867 526 1922 nostra
545 1864 644 1923 mortis
664 1881 732 1924 snae
751 1865 821 1922 sacri
844 1863 888 1922 cio
908 1863 1073 1941 expiaverit,
1091 1867 1125 1922 ut
1143 1859 1198 1924 Pa·

64 1949 140 2004 trem
164 1961 202 2002 no
223 1944 246 2001 is
269 1943 425 2024 propitium
444 1943 588 2002 redderet:
614 1944 691 2026 quod
710 1943 804 2001 victor
822 1937 860 2001 ex
878 1948 973 2001 morte
991 1958 1137 2021 emergens
1156 1941 1197 2006 vi·

66 2029 127 2082 tam
156 2029 300 2082 aeternam
328 2021 411 2081 nobis
440 2023 613 2102 acquisierit:
664 2021 721 2082 uod
750 2021 864 2082 coelum
887 2039 941 2080 suo
963 2022 1092 2102 ingressu
1115 2019 1197 2080 nobis

61 2101 242 2183 patefecerit:
268 2103 347 2182 qnod
366 2108 428 2162 tota
448 2103 491 2162 vis
511 2101 635 2184 Spiritus
655 2123 684 2162 nr
704 2121 769 2161 eum
789 2101 880 2160 effusa
898 2099 998 2176 fuerit,
1021 2106 1055 2159 ut
1072 2117 1126 2158 nos
1145 2117 1198 2160 sua

62 2180 235 2241 abundantia
255 2181 366 2241 ditaret.
386 2180 472 2242 Hunc
491 2181 611 2258 docendi
631 2183 759 2243 ordinem
778 2177 995 2255 smvatPetrus,
1014 2197 1105 2260 quum
1114 2197 1197 2240 exor-

65 2261 145 2321 dium
164 2262 232 2322 iaeit
250 2261 286 2321 ab
306 2261 422 2322 historia
442 2259 603 2342 Evangelii:
623 2269 722 2360 postea
742 2279 812 2322 vero
832 2261 1015 2335 demonstrat,
1035 2257 1196 2338 quidnobis

61 2340 171 2402 Christi
200 2343 230 2402 in
258 2349 364 2402 terram
395 2341 560 2416 descensus,
590 2341 659 2422 quul
686 2361 763 2402 mors
794 2345 823 2400 ct
846 2340 1014 2400 resurreetio
1039 2338 1194 2400 attulerint
1243 2345 1246 2354 '

59 2421 210 2502 Principio
229 2428 337 2496 narrat,
360 2425 510 2483 Ctrtstum
528 2419 707 2482 Nazarenum
726 2419 864 2502 prodiisse
882 2425 949 2502 post
967 2417 1080 2480 loannis
1098 2417 1194 2502 Bapti·

61 2519 137 2596 sma.
177 2497 251 2596 Nam
270 2502 335 2582 quia
354 2500 412 2561 buc
431 2503 585 2562 destinatus
605 2508 666 2562 erat
684 2501 804 2561 loannes
820 2497 877 2560 Dei
896 2495 1026 2596 consilio,
1042 2503 1076 2560 ut
1094 2499 1194 2582 populi

61 2581 388 2722 :tttnttitti
406 2580 807 2722 fbttfttttttt:
824 2599 898 2741 ‘tt
912 2577 1194 2720 libllelinlli

60 2739 243 2802 asserendam
261 2741 387 2802 maxime
406 2683 485 2824 apud
500 2741 585 2802 rodes
604 2748 635 2802 et
652 2739 810 2802 tirunculos
825 2761 881 2800 non
891 2757 994 2822 parum
1007 2737 1119 2802 valebat
1132 2739 1193 2800 eius

60 2821 227 2882 auctoritas.
272 2819 404 2881 Notanda
427 2828 471 2882 est
489 2821 635 2902 loquutib,
666 2820 744 2902 quod
768 2819 888 2880 loannes
910 2817 1090 2902 Baptismus:
1112 2838 1193 2960 m

60 2903 208 2962 dicaverit.
229 2899 437 2982 complectitur
456 2902 569 2982 quidem
589 2899 683 2962 Lucas
702 2900 755 2960 sub
769 2904 916 2981 Baptismt
929 2919 1000 2960 voce
1008 2905 1103 2960 totum

60 2983 107 3042 nis
126 2982 327 3056 urinisterium,
357 2981 407 3042 sed
431 2983 538 3045 interea
557 2981 699 3050 admouet,
718 3000 776 3040 non
795 2983 882 3040 fuisse
901 2986 1013 3040 mutum
1032 2981 1144 3062 signum
1163 2986 1193 3040 ct

59 3061 194 3122 doctrina
220 3081 351 3122 vacuum
395 3059 434 3121 Et
457 3067 532 3124 certe
552 3059 608 3119 hoc
627 3061 656 3119 in
675 3057 865 3118 sacramentis
885 3057 1015 3118 omnibus
1034 3066 1122 3138 caput
1139 3064 1192 3132 est,

59 3149 96 3202 nt
125 3139 182 3200 Dei
206 3139 325 3202 verbum
354 3139 413 3201 illic
442 3140 617 3221 insculptuni
645 3137 787 3216 refulgeat
813 3143 843 3197 et
866 3137 943 3197 clara
966 3155 1026 3195 vox
1048 3142 1200 3216 personet

57 3221 134 3300 Quo
152 3222 242 3302 magis
262 3221 425 3282 ddoetandn
443 3227 487 3281 eet
500 3221 592 3300 'impia
609 3217 781 3300 profanatio,
800 3235 874 3296 quae
892 3218 922 3274 in
932 3213 1044 3296 Papetu
1058 3215 1192 3286 canitur,

58 3301 145 3383 quod
164 3301 273 3384 sepulte
291 3301 500 3384 praedieatione
518 3297 702 3360 Sacramenta
721 3297 831 3378 magico
850 3301 963 3357 tautum
979 3311 1127 3356 murmure
1150 3293 1193 3354 iu·

56 3387 188 3443 cautant.

144 3461 192 3524 38.
231 3463 330 3523 tessun
354 3485 374 3522 c
393 3459 557 3523 Nazareth.
596 3455 651 3518 Hic
668 3453 848 3516 Nazarenum
867 3453 1006 3536 appellat,
1034 3471 1094 3513 uon
1113 3449 1193 3534 quod

56 3543 120 3601 illic
150 3547 235 3600 natus
264 3541 362 3616 fuerit,
393 3541 444 3601 sed
472 3541 539 3621 quia
564 3538 630 3599 iude
654 3537 791 3618 prodierit
814 3537 851 3596 ad
874 3551 978 3595 munus
1002 3553 1087 3594 suum
1110 3549 1193 3592 exse·

82 3619 222 3693 nendum,
250 3621 352 3682 deiude
372 3623 439 3702 quia
468 3620 629 3680 invaluerat
651 3619 738 3698 vulgo
769 3615 833 3680 boc
848 3633 1015 3698 cognomen.
1063 3615 1192 3674 Unam

57 3643 133 3762 dicit
156 3699 265 3782 Spiritu
293 3707 321 3762 et
353 3703 460 3762 virtute
489 3719 540 3782 per
568 3698 748 3781 hypallagen.
798 3695 872 3757 Nam
900 3695 1027 3777 potentia
1056 3711 1113 3774 qua
1142 3711 1192 3750 ex·

57 3781 162 3842 eelluit
189 3779 319 3842 Christus
348 3801 407 3842 non
438 3779 560 3842 alliunde
589 3797 675 3860 quam
705 3775 851 3858 :Spiritu
882 3777 951 3864 erat.
1000 3771 1077 3868 Ergo
1106 3767 1193 3865 Pater

62 3860 199 3922 coelestIs
218 3859 322 3921 lilium
341 3881 424 3922 suum
449 3860 581 3944 ungendo
604 3858 727 3940 Spiritus
751 3859 796 3918 sui
819 3856 946 3939 potentia
964 3871 1031 3914 eum
1049 3855 1192 3948 rqstmnrt
1218 3905 1223 3915 .

52 3939 184 4002 subiicit
215 3944 350 4003 contiuuo
379 3940 496 4018 Petrus,
525 3949 661 4002 uirtutem
689 3937 763 3998 hanc
793 3956 829 4018 ap
850 3935 957 3996 aruisse
981 3934 1011 3994 in
1036 3929 1192 3992 musculo:

51 4023 175 4084 tametsi
186 4023 322 4162 nqpeeieua
346 4041 433 4083 unam
456 4024 559 4083 diserte
583 4019 728 4116 exprimit,
757 4039 796 4098 qu
857 4021 975 4076 testatus
999 4013 1084 4073 fuerit
1108 4009 1191 4070 Chri-

235 4123 267 4163 us

51 4109 122 4162 stus
143 4101 185 4184 Sp

49 4181 161 4263 Neque
192 4185 268 4244 enim
297 4181 448 4243 terrificam
473 4180 528 4240 Dei
553 4183 690 4240 virtutem
713 4181 742 4238 in
766 4178 830 4258 ipso
855 4175 948 4235 exseri
971 4171 1112 4255 oportuit,
1141 4167 1192 4230 sed

50 4281 135 4344 quae
166 4265 247 4323 suavi
281 4263 414 4324 bonitatis
444 4267 472 4321 et
495 4262 601 4342 gratiae
625 4267 710 4341 gustu
739 4255 878 4318 mundum
905 4253 1031 4314 alliceret
1059 4251 1095 4316 ad
1125 4267 1192 4311 enm

47 4343 216 4404 amandum
234 4349 265 4405 et
283 4341 482 4440 expetendum
529 4343 683 4402 Unctioni:
701 4337 881 4418 metaphora,
902 4337 992 4418 quum
1012 4334 1048 4394 de
1068 4331 1191 4424 Spiritus

47 4423 259 4484 sanctidonts
283 4432 395 4504 agrtnr,
426 4423 494 4480 satis
518 4422 582 4480 trita
606 4426 668 4481 est:
697 4436 775 4481 nune
794 4415 830 4479 ad
850 4415 1126 4559 Chriquperaonam
1145 4425 1191 4468 ac·

82 4519 195 4564 calvinus
207 4519 230 4562 in
248 4521 305 4564 ileu.
319 4519 377 4569 rot:
391 4517 499 4562 '1¹0le-
1239 4521 1249 4537 “

287 4103 379 4163 sancti
397 4103 504 4162 virtute
525 4119 554 4160 se
574 4099 747 4182 praeditum,
769 4105 801 4157 ut
819 4095 962 4157 beneficus
981 4099 1055 4154 esset
1074 4089 1191 4152 mundo.
1232 4121 1233 4126 ι
1308 4127 1312 4136 ·
