2810 4850
169 247 207 306 te
556 239 596 304 ΙΝ
616 237 759 305 tvnuc.
778 237 911 306 tosus.

167 356 236 420 binc
253 376 391 440 personae
409 355 502 418 uuitm
521 357 668 440 colligitur.
687 359 872 440 nequeenim
887 357 1019 420 convenit
1035 353 1124 423 aliurn
1137 379 1215 422 nunc
1228 381 1292 424 esse

168 437 323 514 homnem,
447 438 497 518 qui
515 455 601 499 rems
620 457 732 520 scupea
744 439 800 500 fuit
813 437 904 516 Deus,
924 457 1014 520 quum
1028 437 1138 502 dicatur
1146 439 1228 518 Deus
1242 443 1293 504 illc

168 519 268 592 iectus¹
279 537 341 578 esce
380 535 454 578 omo.
485 515 619 594 Rursum,
638 537 729 600 quum
747 519 876 580 distincte
889 517 1002 580 Christo
1022 517 1130 582 bomini
1143 517 1293 586 Sermonis

168 617 274 662 nomen
286 597 399 674 tribuat,
418 598 546 678 sequitru
555 597 709 673 Christum,
729 617 818 696 quum
833 599 920 659 bomo
930 597 1022 659 iactus
1035 605 1089 676 eut,-
1106 619 1166 662 nou
1175 601 1292 662 desiisse
1398 623 1399 630 ¹

167 684 264 740 tamen
282 697 343 740 esse
384 677 440 738 uod
458 677 537 758 prius
555 683 625 754 erat,
644 685 674 740 ct
686 678 756 740 nihrl
769 679 800 738 in
814 685 927 739 aeterna
939 679 989 740 illa
997 677 1055 740 Dei
1067 681 1196 756 essentia,
1215 699 1293 762 quae

167 777 281 820 carnem
299 699 398 831 indub,
417 775 479 818 esse
493 764 641 819 mutatum.
665 757 800 838 Denique
814 760 856 819 sic
869 758 944 818 tilius
953 757 1010 819 Dei
1019 758 1106 819 homo
1116 779 1177 822 esse
1187 761 1293 842 coepit,

167 844 201 898 ut
222 845 318 898 mmen
341 837 434 896 adbuc
458 837 495 896 sit
512 838 561 898 illc
580 846 711 899 aeternus
729 836 833 899 Sermo
852 840 903 920 qui
920 838 1032 898 nullum
1051 839 1137 900 habet
1154 841 1294 922 temporis

165 917 285 977 mittum
324 921 365 979 at
389 918 537 979 bobiluoii.
576 916 637 996 Qui
661 939 757 1002 cxpou
777 920 778 929 ’
797 925 811 979 t
834 937 948 980 carnem
971 918 1058 979 inisse
1078 917 1192 980 Christo
1211 919 1295 980 velut

166 995 347 1078 domicilium,
367 1017 426 1055 non
445 1005 634 1080 assequuntur
646 939 844 1082 Evangebbue
862 1005 996 1059 mentem.
1020 1001 1114 1094 neque
1134 1000 1210 1059 enim
1227 1017 1293 1080 per-

300 1078 476 1136 mansionem
489 1075 538 1137 bic
547 1077 661 1139 Christo
680 1080 710 1140 in
728 1079 811 1140 uobis
830 1079 962 1160 assignat,
982 1079 1032 1138 scd
1046 1079 1114 1138 ducit
1127 1078 1164 1139 atl
1178 1085 1293 1174 terppns

178 1157 268 1215 instar
280 1154 413 1237 hospitis)
431 1163 575 1218 versatum
594 1169 665 1219 esse.
694 1157 822 1220 Verbum
835 1159 912 1220 enim
926 1177 985 1240 quo
1000 1157 1090 1218 utitur
1104 1155 1257 1232 ἓσωῆνὸσεν
1273 1175 1293 1218 ιι

162 1233 350 1296 tabernaculis
370 1233 524 1297 deduomm
542 1243 593 1299 est.
622 1236 700 1299 Nihil
718 1259 787 1338 erpo
806 1238 945 1320 significat
958 1235 1034 1298 aliut
1048 1234 1292 1320 qnamerirtnm

162 1315 193 1375 in
212 1315 295 1376 terris
314 1316 479 1377 defunctum
498 1337 560 1378 esso
574 1322 696 1379 minnere
715 1319 768 1380 sibr
785 1319 927 1379 iniuncto:
956 1319 1004 1379 vel
1021 1338 1081 1378 nou
1098 1322 1212 1378 tantm
1229 1335 1291 1374 mo-

358 1399 531 1538 mera
627 1475 1293 1557 „a

161 1553 193 1614 iu
213 1575 314 1635 genere
334 1555 370 1615 ric
387 1556 559 1634 bominibus,
579 1578 616 1619 an
635 1559 670 1619 de
690 1565 860 1633 retentum,
884 1563 914 1618 rit
932 1557 1048 1640 reliquis
1068 1555 1220 1638 discipuffia
1239 1553 1292 1634 (1¹²5
1399 1601 1400 1604 ¹

161 1639 250 1694 testes
263 1635 368 1696 oculati
381 1636 497 1698 inerunt
506 1639 566 1699 eiua
581 1639 662 1720 quoti
674 1639 750 1700 dicit
769 1638 832 1722 Ego
846 1638 903 1699 hoc
916 1637 1073 1698 secundum
1087 1635 1176 1716 magis
1185 1633 1292 1716 probos

162 1715 259 1776 statim
277 1716 355 1776 eninr
373 1717 493 1792 subiicit,
511 1721 554 1779 Et
568 1727 773 1798 cooapeximna
780 1723 911 1805 glor-iarn
925 1725 997 1780 eius.
1025 1715 1151 1776 Tametsi
1165 1715 1240 1774 enim
1254 1712 1293 1773 ab

162 1793 295 1854 omnibus
314 1797 438 1878 conspici
456 1798 551 1877 potnit
564 1796 670 1859 Christi
689 1798 787 1894 plotio,
806 1805 902 1860 tumen
921 1797 1063 1858 maximae
1102 1795 1154 1855 arti
1171 1797 1294 1874 propter·

161 1875 337 1971 coecitatem.
348 1877 490 1958 incognita
508 1875 571 1972 fuit.
609 1874 699 1973 Pauor
718 1883 830 1974 tantum
849 1877 952 1974 quibus
972 1817 1206 1955 oculosbpiritus
1225 1889 1292 1968 san·

161 1949 1293 2116 aacataractarumvictitante:

160 2113 219 2173 tius
237 2114 269 2174 in
287 2133 319 2174 se
338 2116 569 2196 conspiciendum
587 2115 757 2196 praebuerit.
787 2057 1022 2196 Unbmsequitun
1039 2114 1098 2173 Dei
1114 2111 1293 2172 maiestatem

155 2211 221 2252 non
240 2193 327 2254 fnisse
346 2197 527 2268 exinanitam,
546 2196 677 2275 quamvis
691 2215 776 2256 came
787 2195 959 2256 circumdata
973 2199 1060 2254 esset:
1078 2193 1163 2252 latuit
1176 2189 1292 2286 qbidem

160 2271 214 2331 sub
238 2273 330 2332 carnis
355 2273 522 2348 humilitate,
551 2274 602 2334 ced
630 2276 671 2334 its
691 2281 789 2335 tamen
813 2282 846 2334 nt
868 2274 1009 2354 fulgorem
1033 2291 1119 2332 sumn
1141 2273 1291 2329 emitteret.

162 2353 322 2436 Tanquam
341 2371 401 2418 uon
420 2359 465 2413 est
481 2353 700 2436 improprietatis
718 2361 787 2414 nota
806 2352 863 2412 boc
881 2353 956 2425 loco,
976 2350 1027 2411 sed
1040 2351 1137 2432 potins
1150 2364 1247 2408 veram
1260 2353 1293 2408 et

159 2431 281 2492 solidam
301 2431 534 2512 approbationem
554 2433 612 2493 desi
668 2440 689 2492 t.
718 2431 810 2494 Sicuti
824 2449 914 2512 quum
922 2429 1031 2490 Paulus
1047 2429 1123 2512 dtett,
1141 2425 1292 2509 Tanquam

159 2507 213 2568 filii
225 2510 298 2570 lucis
313 2510 455 2570 ambulate
464 2509 617 2594 (pr.5'‚8.
632 2553 641 2585 ‚
654 2511 718 2572 vult
731 2531 784 2574 nos
794 2531 890 2571 vereo
928 2510 1005 2570 ribus
1014 2507 1178 2570 testari'boc
1186 2509 1292 2590 ipsum,

203 2588 240 2648 od
258 2591 347 2649 sinim
366 2589 416 2650 'filii
436 2591 515 2651 lucis.
544 2591 606 2652 lute
629 2594 678 2688 'pit
691 2612 760 2674 ergo
769 2591 886 2674 Evange
897 2593 950 2650 ista
964 2595 1146 2670 conspectam
1159 2587 1246 2648 fuisse
1260 2588 1293 2647 in

223 2670 276 2730 ‘sto
296 2670 414 2750 gloriam
433 2691 507 2752 quae
522 2669 653 2739 ,lilioDcr
672 2677 849 2755 congrueret,
869 2677 1034 2752 certumque
1049 2675 1124 2728 essct
1138 2665 1292 2728 divinitatis

38 2815 40 2822 .
160 2751 363 2810 testimouium.
402 2753 601 2836 Unigenitum
620 2759 714 2830 vocat,
734 2753 803 2833 quia
821 2751 922 2811 unicus
942 2755 986 2810 est
1003 2754 1105 2810 natrrra
1123 2747 1213 2807 iiliust
1232 2747 1293 2807 acsi

159 2847 229 2888 eum
247 2846 333 2910 supra
351 2829 481 2891 homines
501 2839 530 2892 ct
544 2831 659 2913 angelos
669 2833 785 2910 locaret,
805 2837 891 2911 atquc
906 2830 947 2890 illi
960 2829 1011 2888 uni
1022 2834 1159 2890 assereret
1168 2825 1245 2908 qnod
1259 2827 1292 2886 in

157 2913 319 2968 creatumm
341 2910 451 2970 nullum
476 2915 620 2992 competit.
664 2914 778 2975 Plenus
794 2919 923 2994 gratioe.
963 2907 1116 2968 Proximac
1135 2907 1293 2968 sententiae

160 2987 338 3048 confirmatio
358 2997 409 3050 est.
448 2989 520 3051 Aliis
541 2991 657 3070 quidem
674 2991 705 3051 i'n
718 2990 803 3050 rebus
818 2990 949 3071 apparuit
958 2987 1065 3050 Christi
1078 2988 1219 3062 maiestas,
1238 2985 1291 3046 scri

158 3064 217 3128 boc
236 3087 305 3150 prae
323 3069 384 3128 aliis
403 3071 546 3150 specimen
565 3070 651 3165 elegit
669 3068 864 3150 Evangelista‚
883 3075 917 3129 nt
935 3087 988 3128 uos
1007 3069 1037 3128 in
1056 3067 1180 3152 practica
1198 3066 1291 3147 magis

201 3167 249 3208 am
267 3149 441 3230 speculativa
460 3150 520 3209 eius
539 3151 641 3209 uotitm
655 3155 794 3209 exerceat
815 3147 894 3228 quod
909 3147 1058 3230 diligenter
1069 3145 1288 3208 notandnmest.

159 3167 246 3288 grta
261 3245 352 3308 quum
366 3227 497 3288 Christus
516 3230 592 3288 uoco
611 3229 685 3310 pede
700 3247 787 3308 snper
801 3245 889 3309 aquas
902 3227 1054 3304 incederet,
1074 3245 1165 3308 quum
1177 3223 1292 3305 frigeret

65 3315 71 3328 ¹
159 3305 322 3380 demones,
341 3313 371 3369 ct
390 3307 450 3368 aliis
469 3307 612 3368 miraculis
626 3314 770 3369 exsereret
783 3325 865 3368 suam
877 3309 1043 3388 potentium,
1061 3307 1222 3404 unipenitrm
1231 3301 1292 3364 Dei

158 3385 235 3446 tilius
260 3405 295 3445 co
335 3387 394 3448 osci
417 3388 525 3468 potnitz
554 3388 605 3450 sed
623 3395 734 3471 partem
753 3387 965 3470 approbationis
983 3385 1162 3468 Evangehsta
1180 3385 1211 3443 in
1229 3401 1292 3442 mc·

159 3465 240 3526 dium
259 3405 382 3542 tribuit,
401 3485 439 3526 ex
458 3487 516 3549 qua
534 3485 652 3530 suavem
671 3469 796 3529 iunctm
883 3468 934 3550 'pit
947 3467 1028 3541 fides,
1046 3466 1114 3552 quia
1126 3463 1234 3523 scilicet
1246 3461 1291 3521 in·

158 3544 331 3607 exhaustum
350 3547 455 3628 gratiae
473 3553 504 3608 ct
521 3549 648 3610 veritatis
666 3548 776 3610 iontem
791 3487 922 3608 Omns
940 3563 972 3606 re
990 3546 1051 3642 ipsa
1071 3563 1102 3602 se
1120 3561 1184 3602 csse
1202 3547 1292 3602 testa·

158 3631 206 3686 tus
226 3629 270 3686 sit.
300 3626 415 3688 Dicitur
433 3627 519 3688 ctiam
528 3627 691 3724 Stephanus
710 3627 798 3688 inisse
837 3629 919 3687 lenus
935 3631 1035 3767 gaba,
1056 3622 1177 3683 sedulio
1192 3641 1289 3683 sensu.

158 3703 238 3782 (Act
248 3710 278 3782 t,
287 3707 351 3786 55.)
369 3705 522 3768 Plenitudo
538 3727 614 3768 emm
628 3709 733 3790 petiae
752 3705 818 3767 inC
853 3709 916 3781 'to‚
965 3725 999 3765 ns
1017 3704 1067 3764 illc
1085 3709 1130 3764 est
1143 3702 1222 3763 nudo
1235 3721 1291 3762 uos

158 3801 260 3844 omnes
279 3785 392 3846 haurire
411 3793 537 3870 oportet:
557 3789 640 3848 sicuti
658 3786 750 3847 iunius
768 3787 856 3868 paulo
875 3793 942 3870 post
960 3782 1112 3846 dicendum
1126 3784 1187 3844 erit.
1217 3780 1290 3842 Pos-

158 3867 205 3922 set
222 3862 280 3924 hoc
369 3864 541 3948 hypallagen
565 3867 672 3949 exponi
688 3885 743 3948 pro
762 3867 857 3927 veraci
876 3867 979 3950 ςιιιίιι
1003 3865 1051 3926 vel
1069 3865 1214 3946 exegetica
1233 3860 1291 3921 boc

30 3986 33 3997 .
157 3943 257 4018 modo,
275 3940 398 4003 Penum
415 3945 503 4007 tuisse
522 3949 621 4028 gratia,
640 3965 714 4028 quae
733 3953 777 4008 est
792 3947 898 4007 veritas
918 3951 968 4007 aut
986 3943 1136 4028 perfectio:
1156 3941 1207 4003 sed
1222 3943 1291 4024 qnia

158 4022 264 4082 ttenrm
283 4023 379 4084 statim
397 4031 507 4120 repetet
525 4027 645 4088 eandem
658 4025 794 4108 loquendi
808 4027 939 4102 formanc
958 4025 1157 4106 utroqueloco
1167 4025 1291 4084 eundem

159 4119 223 4162 esse
241 4121 356 4164 sensrnn
375 4102 504 4166 arbitror.
544 4106 671 4168 Gratiam
689 4106 764 4168 banc
782 4112 812 4167 et
831 4107 979 4168 veritatem
997 4111 1098 4188 postea
1110 4101 1181 4185 legi
1200 4122 1292 4200 oppo-

159 4187 222 4242 uet:
251 4203 320 4264 ergo
343 4181 509 4266 simpliciter
531 4187 713 4270 interpretor,
737 4185 1049 4284 Clnistum‘ripostolis
1072 4182 1139 4245 iude
1163 4189 1290 4266 agnuam

159 4259 247 4347 inisse
266 4281 320 4344 pro
338 4261 399 4324 tilio
413 4261 479 4339 Dei,
499 4267 578 4346 quod
596 4267 835 4350 complementum
855 4285 983 4327 ommam
1002 4283 1077 4346 quac
1090 4263 1128 4325 ad
1143 4262 1291 4346 spirituale

159 4337 218 4402 Dei
236 4345 357 4428 regnum
381 4343 538 4426 pertinent,
566 4346 596 4409 iu
619 4346 798 4432 rehaberet
848 4343 982 4430 Denique
1006 4342 1086 4428 quod
1108 4345 1139 4406 in
1157 4341 1290 4406 omnibus
