2754 4864
195 171 254 234 rm
548 239 553 244 ,
619 165 659 226 u
676 163 782 228 acra
801 161 939 226 nrosr.
971 154 1008 230 ,“

105 429 109 442 ,
142 399 153 415 ,
194 285 626 440 iiiimdi‘iiiii‘iiiiii,
651 277 893 440 diffugiit&
903 276 1289 440 affirm&

194 441 260 502 lieet
278 443 429 500 renitentes
449 441 660 521 constringent.

273 520 302 582 8.
344 521 492 581 Gaudium
512 521 592 580 euius
611 518 747 592 meminit,
765 515 876 578 frustm
895 521 942 576 est
956 513 1031 576 fidet
1046 513 1114 576 tisri
1131 517 1203 577 mm
1222 517 1291 577 aliter

195 603 253 737 n
262 599 456 737 „irritu
465 594 1082 759 reseruassemus
1096 599 1291 737 cem·

232 764 276 816 rat
315 755 427 818 Pnut
461 759 518 819 7..

195 777 231 844 pe
275 761 309 898 s(
349 839 378 895 V
376 846 405 898 tr
423 757 542 919 potuim
561 843 677 895 nomine
697 837 808 894 Simon.
848 831 912 893 Hoc
932 831 989 893 tale
1008 839 1068 892 erat
1086 831 1248 905 obstamionu
1261 841 1292 892 nt
1351 859 1352 910 p

197 915 287 974 rideri
306 921 403 996 posset
422 915 584 996 praeclusus
603 913 758 994 Evangelio
781 912 873 972 aditus
894 912 971 992 apnd
990 909 1180 971 samaritanos.
1212 909 1294 970 Fasci-

129 991 141 1012 ⁹
195 1003 279 1054 name
294 995 369 1054 euim
384 993 508 1054 Simonis
523 994 679 1074 praestigiis
693 999 773 1051 erant
787 992 914 1050 omnium
930 999 1047 1064 meotes,
1066 991 1297 1070 atquehicstopor
1351 1015 1352 1060 i

196 1075 226 1134 to
265 1073 347 1132 ofam
357 1075 593 1154 temporisspatio
608 1073 774 1132 invaluerat.
804 1069 895 1130 Porro
910 1089 997 1149 quam
1010 1069 1120 1130 difficile
1133 1071 1176 1143 sit,
1188 1089 1296 1129 crromm

197 1171 234 1212 ex
269 1153 397 1212 ominum
412 1153 511 1212 animis
530 1153 673 1226 revellere,
691 1157 843 1232 postquam
862 1149 1046 1224 diuturnitate
1064 1152 1189 1230 terporis
1206 1149 1296 1208 radices

197 1231 263 1312 egit,
274 1237 302 1290 et
311 1249 445 1291 rovocare
455 1232 490 1290 ad
501 1251 597 1292 sanam
607 1238 741 1303 mentem,
756 1232 804 1308 qni
814 1231 870 1289 iem
881 1227 1079 1302 obdumernnt,
1088 1249 1121 1288 ex
1157 1229 1247 1287 rientia
1257 1229 1297 1286 do

197 1316 250 1370 oet.
280 1309 370 1389 Magis
384 1311 539 1370 obstinatos
553 1311 582 1368 in
597 1329 692 1369 errore
702 1309 836 1378 reddebat
845 1309 1102 1389 supemtitio‚·qood
1130 1307 1299 1366 imoremiu·

196 1387 301 1453 bebant
315 1410 373 1448 non
386 1387 474 1448 modo
490 1391 569 1468 quasi
582 1386 639 1448 Dei
652 1387 840 1468 Prophetam‚
859 1388 909 1448 scd
925 1388 1006 1467 quasi
1022 1385 1148 1467 Spiritum
1164 1388 1258 1466 ipsum.

277 1471 315 1529 10
325 1473 353 1524 et
363 1471 410 1530 11.
431 1466 505 1527 Nam
514 1487 671 1548 cognomen
680 1491 808 1550 magnae
822 1475 949 1540 outone,
965 1466 1018 1526 hnc
1030 1465 1170 1547 merebat,
1179 1472 1208 1524 nt
1242 1465 1295 1524 oio

198 1545 267 1623 quid
287 1545 392 1626 alioqui
411 1546 539 1606 divinum
558 1553 634 1606 esset
651 1545 705 1606 hae
719 1546 909 1628 magnitudine
924 1545 1051 1607 obrutum
1063 1546 1206 1608 vilesceret.
1222 1485 1297 1602 ilinc

111 1637 116 1650 ’
197 1641 266 1704 ergo
285 1625 387 1684 elarius
406 1626 499 1686 elucet
509 1625 614 1686 Christi
634 1627 768 1707 potentio,
789 1625 865 1706 qnod
885 1645 937 1708 per
956 1627 1007 1684 ista
1016 1625 1150 1684 suumn
1164 1621 1300 1704 Phiiippus

196 1705 363 1782 perruperit.
396 1703 461 1765 Hoc
483 1712 579 1766 autem
603 1703 695 1766 Lucas
720 1705 887 1788 amplificat,
915 1723 1008 1786 quum
1025 1704 1089 1763 dicit
1106 1705 1304 1784 obnupefow
1352 1739 1353 1744 κ

194 1783 291 1860 foisse
309 1801 326 1842 a
345 1802 448 1866 magno
468 1805 559 1865 usque
578 1785 615 1844 ad
634 1805 764 1866 parvum.
803 1783 875 1844 Nam
896 1805 986 1864 quum
996 1784 1122 1843 omnium
1131 1783 1252 1841 ordinum
1261 1782 1302 1840 iro

196 1860 287 1920 mines
306 1861 396 1922 delusi
415 1871 521 1938 essent,
541 1866 671 1944 quisnam
690 1872 752 1925 erat
764 1863 917 1944 Evangelio
927 1863 1039 1923 aditos?
1059 1864 1217 1944 praesertim
1229 1879 1304 1941 qonn

196 1959 256 1998 non
284 1941 434 2002 mediocris
462 1950 537 2002 esset
565 1947 738 2026 impostura..
780 1943 888 2004 Sensus
917 1944 993 2004 enim
1017 1951 1118 2003 omnes
1146 1943 1218 2022 eapti
1239 1949 1304 2000 nant

197 2025 323 2114 stupore.
371 2017 574 2102 Praeterquam
599 2031 693 2084 autem
718 2023 795 2104 quod
819 2022 884 2084 inde
908 2041 944 2104 ap
965 2029 1027 2082 oret
1050 2041 1139 2102 qoam
1163 2028 1256 2102 potens
1277 2021 1305 2080 sit

196 2105 315 2174 ventas,
344 2099 428 2160 simul
452 2105 624 2162 constantiae
649 2103 812 2184 exemplum
835 2104 865 2163 in
888 2043 1021 2182 Phiiippo
1045 2101 1131 2161 nobis
1150 2122 1202 2182 pro
1254 2102 1306 2166 itur,

145 2210 147 2233 t
197 2178 248 2257 qni
267 2181 378 2239 tametsi
398 2181 474 2240 viam
493 2201 553 2241 non
578 2184 683 2248 cernit.
706 2181 824 2242 infracto
849 2189 944 2242 tamen
969 2187 1087 2264 pectore
1113 2201 1186 2262 opus
1252 2179 1306 2238 mini

196 2258 373 2337 aggreditur,
402 2259 516 2340 qualem
540 2262 601 2341 ipsc
625 2262 704 2322 volet
727 2261 793 2321 dore
823 2279 982 2321 successum
1012 2276 1049 2320 ex
1304 2303 1307 2308 ,

156 2394 159 2403 ,
196 2335 237 2396 ita
256 2339 372 2397 omnino
391 2339 546 2418 agendum,
571 2346 603 2399 nt
621 2340 761 2420 intrepido
779 2347 920 2400 tentemus
943 2340 1079 2422 quiequid
1099 2339 1182 2400 Dens
1205 2339 1307 2409 mandat,

197 2415 281 2508 etiarn
301 2415 349 2476 ubi
368 2418 501 2494 videntur
520 2419 589 2478 irriti
610 2419 670 2480 fore
689 2427 815 2480 conatus.
856 2419 948 2480 Porro
973 2420 1052 2500 quod
1072 2417 1255 2480 Samaritonis
1274 2435 1307 2475 ae»

197 2493 265 2556 erdit
277 2501 315 2555 ut
334 2494 423 2557 Satan
441 2499 482 2558 ita
501 2517 551 2558 eos
572 2497 756 2574 dementant,
780 2501 902 2560 sciamus
921 2520 1106 2560 communem
1131 2521 1194 2560 esse
1211 2498 1308 2561 infideli·

196 2573 262 2632 tatis
280 2593 412 2670 poenam.
453 2575 518 2637 Non
539 2597 637 2673 omnes
657 2579 771 2675 quidem
790 2579 963 2674 fascinantur
985 2597 1141 2674 magorum
1165 2579 1309 2672 praestigiis,

195 2671 293 2811 etue
307 2653 1309 2814 isannesuertatura⁹⁰⁶r”⁶
1353 2741 1354 2744 ‡

196 2809 252 2871 dat.
292 2809 433 2873 Omnibus
452 2817 528 2874 enim
547 2835 677 2876 errorum
695 2819 819 2897 capturis
839 2819 958 2878 obnoxii
976 2824 1057 2892 suot,
1081 2820 1249 2902 quicunque
1267 2815 1309 2876 fta·

195 2889 260 2948 lnce
283 2911 342 2950 non
365 2901 510 2973 reguntur.
550 2893 701 2956 Praeterea
727 2917 815 2978 quum
839 2905 937 2958 narrat
960 2895 1066 2972 Lucas,
1096 2902 1235 2960 seductor
1256 2918 1310 2976 pro

195 2977 304 3032 moene
316 2973 420 3054 sotsac
444 2995 555 3048 omnes,
585 2995 736 3036 monemur
759 2997 851 3058 noque
877 2977 980 3058 ingenii
1004 2997 1144 3050 acumen,
1176 2997 1228 3038 uec
1249 2977 1309 3056 quie

196 3047 264 3142 quid
283 3050 313 3108 in
332 3050 413 3110 nobis
432 3055 479 3116 est
496 3055 611 3114 rationis
631 3061 661 3114 et
680 3057 843 3136 prudentiae
862 3058 898 3117 ad
922 3057 1079 3118 cavendam
1104 3056 1310 3118 Satanae-asto·

195 3133 263 3184 tram
282 3128 420 3190 sufficere.
459 3130 497 3192 Et
522 3123 752 3208 nutriremus,
782 3156 868 3231 quam
891 3137 985 3196 stultis
1010 3143 1040 3196 et
1063 3135 1165 3197 deliris
1190 3135 1312 3196 enodius

194 3207 325 3291 impliciti
343 3207 461 3284 fuerint,
480 3213 530 3292 qni
549 3233 618 3293 prae
637 3214 700 3273 aliis
718 3213 807 3274 habits
826 3223 893 3276 sunt
912 3218 940 3275 in
962 3217 1068 3276 mundo
1089 3219 1275 3300 perspicaces

278 3290 382 3348 Vtrum
404 3293 463 3351 Det
485 3315 607 3374 meysa.
646 3291 723 3374 Ergo
754 3291 808 3355 Dei
837 3296 951 3356 nomine
979 3296 1084 3356 abusos
1115 3297 1212 3358 fuerat
1240 3294 1312 3353 Satan

155 3431 158 3442 ,
193 3359 229 3426 ad
248 3364 417 3441 fallendum,
436 3371 515 3450 quod
533 3373 794 3452 pestilentissimum
813 3381 855 3435 est
880 3375 1052 3470 deceptionis
1077 3395 1190 3457 gemm
1220 3381 1312 3434 tanton

192 3443 272 3506 abest
291 3452 325 3506 nt
344 3447 378 3506 ad
399 3452 610 3510 exeusationem
630 3453 732 3512 valeat.
773 3453 890 3514 Dictum
916 3453 969 3515 furt
988 3474 1090 3540 supra,
1116 3477 1225 3516 nomen
1249 3473 1313 3536 prae·

192 3523 1138 3702 stauarumcessissemusne
1157 3535 1313 3676 estu

357 3675 360 3682 .
533 3651 541 3682 a
1120 3659 1128 3673 ·
1307 3647 1315 3658 '

190 3689 294 3748 soorat,
334 3683 375 3760 lm
397 3705 423 3747 ra
447 3687 502 3748 fnit
525 3688 596 3750 haee
618 3697 649 3749 et
672 3692 808 3752 scelerata
832 3695 952 3754 nominis
975 3691 1031 3754 Dei
1056 3695 1234 3776 profanatio.
1270 3691 1313 3748 Vc·

190 3781 256 3857 rum
279 3763 350 3860 nihil
374 3707 552 3828 dictrictum
577 3769 711 3864 legimns,
735 3773 812 3852 qnod
836 3793 894 3834 non
914 3773 1040 3853 quotidie
1059 3775 1156 3858 adhuc
1178 3775 1239 3834 fiat.
1275 3769 1313 3830 Ni·

190 3839 232 3921 hd
255 3861 331 3910 coun
353 3843 514 3932 hominihus
537 3867 626 3928 magra
652 3851 794 3929 proclive,
824 3872 910 3932 quam
939 3853 975 3912 ad
1005 3851 1142 3915 Satanam
1170 3855 1314 3915 mandens

157 3979 170 3988 ,
189 3921 267 4015 quod
287 3921 343 4012 Dei
362 3927 510 4018 proprium
528 3933 580 3986 est.
620 3927 800 3991 Praetexitnr
814 3931 937 4012 'quidem
963 3933 1076 4013 religio,
1099 3936 1149 3996 ssd
1177 3935 1249 4015 qnid
1272 3931 1313 3989 Sa·

188 4007 343 4096 meritorios
363 4011 435 4068 suut
453 4003 500 4092 hio
519 4012 705 4092 praetextus?
744 4011 821 4070 Bene
840 4031 908 4091 ergo
927 4011 1075 4074 nobiscnm
1099 4017 1209 4095 agifm,
1234 4029 1312 4094 φιιιω

188 4095 270 4136 suam
293 4101 323 4164 m
345 4079 460 4172 Chrmtq
484 4085 618 4147 virtutem
631 4086 728 4148 ⁴Deus
747 4089 829 4150 nobis
852 4090 985 4172 patefacit
1009 4098 1039 4151 et
1061 4113 1119 4153 non
1145 4094 1218 4154 alibi
1239 4109 1312 4173 quae

187 4153 303 4230 mdtm
327 4175 390 4232 ,0⁸⁸0
414 4159 603 4246 demonum
628 4173 714 4256 atque
739 4175 772 4233 ot
795 4189 848 4230 nos
871 4171 901 4232 in
926 4172 1099 4250 utmorem
1123 4180 1201 4234 artes
1222 4182 1253 4234 et
1269 4173 1311 4230 im·

187 4236 318 4316 posteras
336 4231 473 4317 Satanae,
492 4261 566 4321 quae
582 4244 732 4326 fugiendae
751 4255 831 4324 sont,
851 4249 962 4329 detegit

266 4311 314 4372 12·
356 4318 453 4420 idm
466 4323 663 4406 maurum,
687 4325 779 4404 *illud
798 4333 841 4389 est
860 4327 1017 4410 quoddixi
1036 4329 1222 4408 maulam,
1242 4327 1313 4412 quod
