2818 4848
249 59 256 100 l

88 268 90 276 ,
179 244 238 308 aas
420 199 422 204 ’
570 235 611 299 m
628 233 771 298 avana.
790 201 922 296 ioauu.

182 358 240 418 bat.
279 352 352 418 Nam
371 352 511 428 adauae,
537 353 587 433 qul
606 352 719 414 obviam
739 351 854 412 Christo
873 349 1014 431 progressi
1032 356 1129 423 erant,
1153 368 1224 411 enan
1240 371 1309 490 pro-
1393 361 1394 396 ὲ

121 464 125 470 ’
180 437 300 532 sequuti*
315 441 381 496 aunt
399 435 429 494 ln
448 432 586 514 templum
605 452 710 512 usque,
739 429 788 514 abi
811 431 841 490 in
865 429 971 488 scribas
989 434 1017 488 ct
1034 429 1174 492 urbanam
1193 437 1243 492 tur
1311 499 1313 502 ¹
1393 469 1394 472 =

69 529 72 556 ⁵
180 515 286 580 lnodrt.

269 668 323 737 37.
346 665 446 736 Porro
468 691 568 762 qrrum
589 676 674 736 tanta
696 667 783 758 algua
805 664 879 754 (vel,
901 674 967 732 tam
982 663 1094 756 mcdta)
1115 663 1240 734 fecisset
1256 689 1311 734 co
1393 745 1394 748 Ἴ

151 784 160 798 “
182 797 251 846 ram
271 773 356 868 ipsis,
377 798 444 842 nou
465 774 662 844 crediderunt
683 772 716 840 ia
738 794 826 844 curn:
853 771 906 840 38.
928 767 974 838 Ut
995 793 1101 838 sermo
1111 769 1224 842 lcsaiae
1235 796 1310 863 pro-
1393 801 1394 824 ¹

105 965 109 984 K
181 881 296 974 phetae
318 879 535 972 compleretur,
557 903 653 970 quem
675 879 762 960 dixit,
783 877 930 956 Domine,
952 877 1024 966 quie
1046 875 1176 946 credidit
1190 879 1312 946 auhtui

168 986 314 1056 ‘nostnol
335 996 367 1056 et
383 985 545 1053 brachium
554 983 694 1070 Domini,
717 985 768 1054 cui
789 982 1046 1078 revelatumnest?
1068 981 1123 1048 39.
1139 980 1310 1074 Propterea
1393 983 1394 1066 s

63 1135 65 1144 ,
183 1117 251 1162 non
271 1102 417 1186 poterant
437 1091 572 1176 caedem,
594 1091 667 1182 quia
682 1113 807 1158 rursum
823 1089 896 1156 dicit
909 1086 1031 1167 lesaias,
1054 1085 1108 1156 40.
1120 1085 1311 1157 Excoecavrt

88 1679 90 1686 ,
184 1615 317 1677 Christus
336 1635 354 1677 a
372 1617 481 1677 ludaeis
504 1617 651 1696 despectus
676 1613 773 1688 fuerit,
803 1613 906 1673 scande

183 1221 296 1268 eorum
317 1197 442 1280 oculos,
468 1208 501 1265 et
520 1197 676 1264 induravit
697 1220 752 1264 cor
774 1217 884 1263 eorum
905 1203 1030 1262 utnon
1051 1193 1179 1262 videant
1201 1195 1311 1290 opilia,
1393 1195 1394 1224 ¹

183 1315 218 1394 et
239 1304 331 1374 corde
353 1303 534 1396 intelligant,
555 1313 587 1372 et
608 1311 838 1382 convertantur,
861 1310 893 1369 et
914 1322 1024 1367 sanem
1047 1322 1110 1367 eoa
1144 1294 1198 1368 41.
1220 1299 1312 1370 Haec

185 1409 265 1493 diait¹
279 1409 402 1496 lesaias,
425 1397 527 1502 quum
541 1409 617 1478 vidit
632 1407 763 1500 gloriam
780 1408 857 1492 eius,
879 1418 912 1476 et
930 1405 1081 1506 loquutps¹
1103 1415 1151 1473 est
1169 1391 1308 1497 dedipso.
1393 1389 1394 1400 ¹

263 1537 312 1600 37.
344 1544 442 1613 Qum
460 1545 546 1598 tama
564 1545 662 1618 signo.
703 1533 747 1594 Nc
766 1553 853 1614 quem
870 1533 1006 1672 impediat
1024 1531 1069 1592 vel
1087 1531 1196 1608 hachet,
1226 1533 1308 1613 quod

920 1631 968 1672 nm
993 1612 1048 1672 hoc
1065 1610 1244 1694 Evangelista
1261 1632 1307 1672 rc-

183 1702 296 1771 movct,
325 1697 476 1758 ostendens
500 1696 649 1776 praeclaris
669 1700 704 1756 ct
729 1694 844 1753 minime
868 1693 942 1754 ambi
982 1693 1196 1754 istestimoniis
1220 1692 1309 1752 luisse
1393 1759 1394 1770 ,

183 1777 369 1850 lnshuctum,
390 1794 463 1856 quac
482 1775 568 1836 tidem
587 1775 628 1834 illi
647 1780 676 1834 et
695 1773 839 1832 doctrinae
859 1773 919 1834 eins
938 1712 1075 1846 duacena
1104 1771 1154 1839 aed
1172 1770 1230 1832 Dei
1248 1772 1308 1851 glo·

101 1873 103 1884 ¹
183 1855 256 1915 riam
275 1861 304 1914 et
324 1857 465 1932 virtutem,
486 1873 559 1935 quae
578 1856 607 1913 in
626 1853 881 1932 miramlispalam
900 1851 1036 1934 fulgebat,
1056 1851 1308 1912 consuisseaooc·
1393 1907 1394 1918 ,

183 1935 224 1994 cis
244 1941 433 2014 conspectam.
473 1933 617 2014 Principio
635 1935 730 2012 itaque
749 1933 903 1992 tenendum
927 1939 984 2008 ost,
1005 1931 1067 2011 ‘por
1086 1929 1232 2012 Christum
1250 1951 1310 1990 non
1393 1981 1394 1990 ,

182 2013 298 2074 stetisse
315 2013 383 2093 qrriu
402 2013 489 2074 fidem
508 2013 560 2073 sibi
580 2013 743 2083 conciliaret
757 2013 833 2094 apud
845 2011 973 2088 Iudaeos,
992 2012 1061 2091 quia
1079 2009 1207 2091 pluribus
1226 2012 1312 2070 mira·
1393 2003 1394 2018 ¹

183 2093 255 2154 culis
275 2093 385 2154 abunde
404 2099 523 2154 testatus
542 2099 586 2153 est
605 2093 734 2172 quisnam
753 2099 842 2161 esset:
863 2091 926 2152 ideo
946 2091 1074 2178 iniquum
1088 2109 1151 2150 esce
1164 2109 1199 2150 ac
1207 2091 1311 2150 rationi

154 2168 157 2184 ¹
183 2174 300 2233 minimo
320 2180 549 2247 consentaneum,
569 2177 719 2233 uteorum
738 2171 919 2232 incredulitas
939 2171 1090 2250 quicquam
1108 2169 1150 2228 illi
1169 2169 1310 2230 dchahat

183 2250 243 2313 Sed
262 2253 329 2332 quala
348 2253 404 2312 hoc
422 2255 517 2334 ipsum
535 2253 640 2312 multos
659 2258 755 2310 tenere
774 2253 874 2310 anxios
893 2256 923 2310 et
935 2249 1083 2330 perplexos
1092 2255 1210 2331 poterat,
1230 2249 1310 2308 undo

183 2337 281 2392 tantus
304 2331 413 2391 Iudaeis
433 2339 556 2413 stupor,
585 2337 618 2392 ut
641 2333 760 2396 eaesae
778 2329 835 2390 Dei
858 2331 987 2410 potentia
1008 2327 1077 2389 nihil
1093 2347 1149 2388 ‘eos
1168 2336 1309 2403 moveret,

184 2411 261 2471 ultra
279 2409 418 2471 lohannes
458 2411 625 2494 regreditur,
644 2409 729 2470 fidem
749 2410 856 2470 scilicet
874 2429 932 2468 non
951 2428 990 2469 ex
1004 2409 1145 2470 communi
1159 2407 1311 2468 bominum

185 2423 611 2630 gfflutnafspssssedflplipgolarpi
624 2509 777 2629 mumque
791 2487 932 2628 felem
950 2489 1067 2627 donpm,
1087 2487 1312 2648 gaghpncmlpplphpllp
1393 2539 1394 2562 ,

257 2589 301 2629 so
391 2587 445 2630 co
515 2585 627 2650 praec
693 2589 789 2650 ‚quo
833 2587 987 2650 vaxpanor
1030 2585 1086 2630 aaa
1142 2588 1159 2630 o
1393 2585 1394 2606 *

137 2689 139 2695 ‚
184 2654 287 2708 essent.

265 2728 313 2788 38.
343 2729 495 2786 Ubsenao
515 2729 638 2788 locatae.
677 2725 742 2788 Non
762 2727 900 2810 significat
919 2727 1037 2787 loannes
1057 2729 1251 2788 necessitatem
1270 2745 1309 2787 ex
1393 2713 1394 2736 ¹

187 2805 319 2865 vaticinio
329 2801 439 2864 ludaeis
458 2806 545 2866 fuisse
564 2807 737 2886 impositam
756 2827 851 2887 neque
871 2807 948 2866 uliud
966 2807 1196 2888 protulitlesaias
1210 2806 1311 2884 (53,1.
1393 2803 1394 2892 l

187 2883 327 2946 otham.
348 2885 487 2961 10‚16.)
516 2903 602 2965 quam
627 2887 705 2966 quod
727 2886 768 2946 illi
787 2885 929 2946 Dominus
953 2906 990 2946 ex
1010 2889 1118 2946 arcanis
1138 2888 1310 2948 consilii-aui
1351 2964 1352 2967 Ἴ
1393 2909 1394 2912 ’

131 3032 136 3044 ,
187 2963 326 3026 thesauris
347 2963 491 3044 patefecit.
536 2963 658 3024 'facente
677 2966 791 3046 quidem
810 2964 953 3047 Propheta
973 2966 1002 3024 id
1021 2967 1149 3026 accidere
1169 2968 1311 3047 oportuite
1393 2989 1394 2994 ¹

187 3043 238 3104 scd
259 3045 325 3123 qnia
343 3043 519 3104 nesciebatur
538 3045 605 3124 quid
625 3043 754 3106 futurum
770 3053 853 3120 esset,
876 3047 931 3106 nisi
948 3052 1082 3107 testatum
1101 3045 1182 3106 Dans
1201 3047 1313 3106 lecisset
1393 3059 1394 3112 t

209 3143 241 3184 er
260 3142 292 3183 oa
311 3121 484 3204 Prophetae,
513 3140 574 3184 rena
588 3125 699 3204 alioqui
717 3125 878 3186 hominihus
897 3125 1046 3188 obscuram
1065 3125 1172 3186 atsere
1192 3126 1311 3186 incredi-

75 3243 78 3254 ·
208 3203 274 3264 ilem
293 3201 472 3284 Evangelista
490 3203 519 3262 in
539 3205 687 3278 vaticinio,
712 3207 793 3283 quasi
812 3205 843 3264 in
862 3205 991 3285 speculo,
1015 3212 1087 3265 ante,
1100 3205 1199 3265 oculos
1219 3207 1311 3287 ponit.

189 3285 328 3380 Domine,
346 3293 410 3386 puta
428 3285 559 3420 crpdtdtt.
589 3281 657 3343 Duo
677 3291 743 3344 suut
761 3283 845 3382 huius
864 3287 1017 3346 sententiae
1036 3285 1171 3346 membra.
1201 3285 1313 3382 Inpri-

188 3361 784 3524 tdtttdthttttlztttt
801 3367 1313 3526 'tmaillllalllhtdilllll

189 3523 312 3584 candum
330 3527 400 3598 crat,
419 3523 524 3604 passim
543 3521 682 3582 aludaeie
702 3525 837 3584 reiectum
855 3525 900 3595 iri,
920 3525 1002 3604 qnasi
1020 3525 1057 3584 ad
1075 3525 1196 3584 immane
1234 3523 1315 3582 rodi·

55 3667 61 3686 ,
189 3605 268 3684 glum
287 3608 403 3682 stupens
422 3601 572 3676 exclamat,
593 3599 724 3676 Domino,
743 3604 806 3682 quis
825 3603 920 3663 credet
938 3603 1047 3662 auditui
1064 3603 1179 3664 nostro?
1267 3621 1314 3663 se·

188 3682 282 3741 cundo
302 3687 397 3742 autam
415 3679 542 3740 membro
562 3699 677 3741 causam
695 3683 844 3762 paucitatis
862 3684 1003 3764 agnoscit,
1033 3681 1108 3762 quod
1132 3681 1240 3741 scilicet
1260 3681 1315 3744 ho·

189 3761 280 3820 mines
304 3779 357 3821 suo
380 3767 470 3821 marte
489 3759 546 3819 huc
565 3761 679 3821 minime
698 3762 875 3841 perveniant,
904 3761 986 3823 Deus
1011 3769 1105 3822 autem
1128 3781 1186 3822 non
1212 3783 1315 3824 oannes

189 3839 277 3918 vulgo
300 3840 453 3912 illuminet,
482 3839 531 3899 aed
557 3859 664 3920 paucos
683 3839 805 3922 Spiritus
830 3845 874 3902 sui
899 3843 988 3924 gratia
1014 3842 1041 3901 di
1081 3848 1153 3902 etur.
1200 3839 1316 3921 Quodsi

189 3917 388 3998 interlndneos
407 3931 465 3980 non
485 3916 581 3979 debuit
599 3919 739 3981 obstinata
757 3922 911 3982 multorum
925 3921 1020 3982 incred
1054 3925 1106 3982 itas
1122 3921 1237 3984 obstare
1246 3921 1315 3982 lide·

190 3994 278 4070 libus,
303 4001 489 4078 quantumvis
509 4018 628 4058 numero
648 4002 731 4082 pauci
749 4009 855 4075 essent,
879 4001 977 4062 eadem
996 4001 1082 4062 hodie
1102 4023 1220 4084 quoquc
1238 4022 1255 4061 a
1278 4003 1316 4062 ud

190 4093 244 4136 nos
263 4076 357 4136 valcat
375 4080 461 4154 ratio,
490 4097 527 4138 ne
545 4076 691 4160 Evangelii
715 4099 767 4139 nos
808 4081 905 4156 adem,
935 4084 1065 4160 quamvis
1084 4085 1192 4164 paucos
1212 4024 1317 4142 hadent

189 4153 353 4292 discipulos.
401 4155 444 4217 lm
464 4157 542 4218 rimis
570 4165 665 4236 tanam
692 4101 816 4220 notanda
840 4167 884 4220 est
907 4179 942 4220 ea
964 4162 1038 4220 ratio
1061 4181 1136 4241 quae
1160 4159 1316 4234 subiicitur,
1367 4212 1375 4237 ,

191 4253 250 4314 quo
290 4235 434 4295 scilicetti
480 4257 510 4298 es
529 4257 587 4298 non
606 4239 754 4320 propriam
773 4257 900 4314 acumen,
919 4239 969 4299 sed
988 4237 1045 4300 Dei
1064 4241 1203 4300 revelatio
1222 4241 1316 4301 iaciat

90 4399 92 4403 Ι
192 4315 318 4376 Braehit
336 4316 450 4377 nentina
469 4319 625 4412 potentiam
643 4315 759 4398 intelligi
779 4319 845 4398 satia
864 4327 966 4379 notum
984 4326 1037 4380 est.
1081 4319 1138 4381 Dei
1159 4319 1318 4393 brachium,

194 4395 273 4474 quod
298 4394 328 4454 in
347 4390 493 4478 Evangeld
512 4396 638 4458 doctrina
660 4398 799 4461 moturum
818 4405 874 4475 cst,
904 4397 1047 4482 Propheta
1066 4399 1155 4462 latero
1175 4400 1319 4478 admonet,
