2792 4856
565 241 696 308 estur
719 241 741 306 l.
912 277 913 281 =

81 377 192 421 omnes
207 358 340 436 muitum,
359 359 429 421 satis
446 357 570 420 ostendit
588 365 646 422 nen
665 381 717 423 sua
737 377 822 424 eausa
837 382 869 424 se
883 363 998 427 venem.
1022 366 1105 430 Adeo
1120 252 1215 430 anter}

82 440 335 502 commendatione
361 459 381 500 e
402 459 435 500 us
456 459 516 500 nen
540 438 662 500 habebat
684 441 817 519 loannes,
847 441 925 504 utE
1025 449 1076 509 'ta
1100 455 1215 510 moneat

82 522 94 578 i
201 539 261 580 non
278 520 370 580 fnisse
382 461 487 593 iucem,
506 538 544 578 ne
562 519 731 581 immodicus
748 523 809 583 eius
829 523 966 604 splendor
1000 525 1077 590 briei
1095 528 1216 610 gloriam

81 619 103 657 e
127 605 230 661 senet.
269 598 321 659 Sic
340 599 416 658 enim
433 598 548 682 quidam
567 599 608 658 illi
627 600 679 660 lixi
697 599 859 676 haerebant,
878 609 913 664 ut
933 601 1077 665 Christum
1093 607 1214 689 neglige·

9 755 10 764 ἵ
79 685 160 739 rent
182 675 423 773 quemadmodum
440 679 463 737 si
481 679 546 758 quis
566 697 686 740 aurorae
700 687 815 763 aspectu
831 681 977 778 attonitus,
998 683 1035 742 ad
1051 685 1135 746 selem
1148 705 1214 748 ecu-

76 758 284 918 iidssi‘d,
297 755 550 898 letitia.
564 757 657 899 pilai
675 768 1215 922 ttsitlttltitttttilt

75 916 838 1062 telmessus{stertentes
852 921 1217 1062 l‘t'll‘'⁰¹¹'‘n‘l

74 1075 364 1136 riterluxnurnntur
372 1017 485 1153 (Μξῑώ.
493 1078 521 1152 5,
529 1019 604 1155 ff),
620 1080 689 1160 quia
697 1075 844 1162 Evangelii
858 1023 948 1142 mam
956 1017 1151 1176 Pmmlptqe
1145 1096 1219 1158 quae

77 1153 336 1215 mrmdilenehrae
354 1155 495 1216 disentiat.
544 1157 605 1222 Sed
629 1160 677 1219 lsie
700 1160 812 1222 disserit
829 1158 1008 1241 Evangelrsta
1027 1157 1062 1219 de
1081 1157 1169 1217 unice
1188 1163 1219 1218 ot

75 1239 205 1296 aciemn
223 1235 434 1296 illuminationis
453 1235 542 1308 lente,
563 1239 803 1319 quemadmodum
823 1242 917 1300 statim
937 1239 1037 1298 clarim
1058 1235 1190 1298 ostendit.

168 1316 196 1376 9:
233 1317 312 1375 Erot
331 1318 385 1375 lese
402 1339 481 1376 cere.
521 1315 600 1378 Vera
619 1320 672 1379 lux
690 1339 749 1380 non
769 1321 924 1401 eppem'tm
941 1319 1043 1378 lelsae:
1063 1317 1111 1376 sed
1132 1314 1216 1376 Chri·

76 1399 164 1453 stum
183 1391 218 1453 ab
236 1394 297 1454 aliis
318 1392 450 1454 omnibus
469 1395 630 1459 decernere
648 1400 740 1460 veluit
754 1397 945 1480 Evangelists,
963 1417 1001 1458 ne
1020 1397 1084 1476 quis
1103 1393 1217 1456 herilli

102 1478 199 1532 uteret
216 1492 278 1534 esse
297 1493 364 1533 eum
384 1475 493 1554 angelis
511 1479 560 1538 vel
578 1478 740 1538 hominibus
760 1498 919 1554 commune,
939 1475 1018 1558 quod
1037 1477 1089 1536 lux
1103 1475 1215 1535 dieitur.

111 1571 149 1612 ee
168 1571 254 1634 perro
273 1551 424 1614 decem
444 1563 502 1632 est,
526 1559 605 1638 qued
628 1559 764 1639 quicquid
782 1559 908 1618 lucidum
927 1565 971 1618 est
989 1557 1019 1616 in
1039 1555 1119 1616 eeele
1139 1559 1167 1613 et
1186 1554 1217 1614 in

77 1637 168 1706 terra,
188 1632 301 1694 aliunde
320 1639 470 1696 mutrmtm
488 1637 668 1719 splendorem
684 1657 781 1698 suum:
802 1637 932 1698 Christus
943 1635 1160 1708 autemlnxest‚
1179 1651 1217 1693 ex

81 1729 119 1768 se
136 1711 195 1791 ipsa
214 1717 244 1771 et
262 1731 317 1793 per
335 1731 366 1773 se
378 1714 537 1798 refulgens:
557 1717 659 1778 dende
673 1713 1216 1793 imadienstetumerbemsueinlgore:

77 1795 194 1850 utnon
213 1789 272 1851 ulia
291 1791 328 1854 sit
346 1811 470 1874 usqum
489 1798 569 1877 erige
588 1797 635 1858 vel
655 1815 740 1857 causa
759 1796 926 1878 splendoris.
966 1794 1076 1874 Veram,
1092 1812 1161 1873 erge
1174 1793 1216 1850 lu-

74 1887 147 1927 ⁰ffl¹
165 1869 247 1944 diffie
268 1870 316 1931 eui
329 1879 431 1934 natura
444 1877 592 1957 preprium
607 1882 651 1936 e'st
665 1876 768 1936 lucere.
791 1883 874 1952 Quae
888 1878 1037 1937 illuminet
1046 1873 1217 1934 moeone-
1308 1887 1314 1900 ·

71 1956 199 2008 misem.
228 1945 388 2032 Praecipue
407 1954 437 2012 in
456 1953 514 2014 hee
528 1956 629 2015 insistit
638 1953 828 2034 Evangelistn‚
847 1961 880 2015 ut
890 1955 1037 2014 Christum
1052 1952 1145 2012 lucem
1155 1967 1217 2010 esse

70 2026 198 2094 doceat,
217 2026 253 2086 ab
274 2030 381 2090 etiamn
399 2049 487 2110 quem
504 2033 536 2090 in
554 2052 584 2092 se
604 2036 723 2112 quisque
741 2041 870 2094 nestrum
891 2035 983 2094 sentit.
1022 2029 1140 2091 Poterat
1152 2027 1217 2088 sub·

9 2127 10 2166 3
68 2104 166 2190 tilius
186 2103 230 2162 dis
251 2113 345 2181 utare,
363 2109 441 2187 qued
456 2107 596 2183 Christus,
613 2116 715 2186 utpote
731 2111 785 2170 lux
803 2119 925 2184 amena,
944 2113 984 2170 lrrl
1003 2130 1085 2170 erem
1104 2107 1156 2168 sibi
1175 2109 1217 2167 in·

9 2219 10 2250 q
73 2183 217 2264 genitum
230 2123 352 2260 iubat,
370 2204 430 2244 nen
448 2185 563 2247 aliunde
582 2186 721 2244 snitum:
735 2189 785 2244 sed
798 2207 851 2244 nes
864 2191 958 2265 petius
972 2132 1008 2246 ad
1018 2189 1220 2267 experientiam

77 2279 174 2342 quam
200 2262 343 2324 habemns
368 2281 482 2337 omnes,
508 2269 633 2324 revecat.
672 2260 747 2324 Nom
766 2273 855 2344 Qum
875 2283 929 2322 nes
949 2283 1047 2322 omnes
1065 2264 1221 2342 splendoris
1313 2307 1315 2318 .

75 2343 129 2400 sui
147 2343 304 2421 participes
322 2341 409 2402 faeiat
429 2341 574 2416 Christus,
602 2341 750 2402 faeneum
774 2349 819 2404 est
844 2343 902 2402 lree
923 2342 1041 2402 henosis
1060 2342 1173 2436 proprie
1192 2341 1222 2398 in

77 2422 180 2500 ipsum
199 2421 296 2482 selum
316 2427 493 2502 competere,
522 2426 556 2481 ut
579 2421 633 2482 lux
651 2427 777 2484 vocetur.
819 2421 972 2482 Gecterum
992 2421 1120 2480 bilariam
1138 2419 1220 2479 leons

78 2499 134 2560 nse
153 2501 258 2581 exponi
282 2500 364 2561 solet.
412 2499 538 2578 Quidam
557 2501 634 2560 enim
652 2506 750 2560 notam
770 2501 959 2561 universalem
978 2501 1015 2560 ad
1035 2519 1086 2561 ees
1105 2501 1218 2559 rmtrin-

81 2585 169 2660 gunt,
187 2581 237 2660 qui
251 2578 363 2660 Spiritu
375 2577 433 2640 Dei
451 2579 577 2660 eugeni&
596 2579 668 2640 lueis
685 2579 816 2640 vivificae
834 2580 910 2640 fiunt
924 2586 1078 2662 compotes.
1118 2577 1217 2659 Angu-

79 2659 176 2718 stiuus
195 2659 407 2720 similitudinem
426 2659 539 2719 adducit
556 2659 752 2738 ludimagistri,
772 2661 859 2740 quisi
874 2680 947 2720 unus
961 2662 991 2721 in
1005 2659 1076 2720 urbe
1090 2658 1217 2718 scholam

81 2737 197 2814 habeat,
216 2738 320 2798 dieitur
339 2739 466 2800 emnium
484 2739 627 2818 magister,
647 2740 755 2800 etiamsi
774 2739 857 2799 multi
870 2739 907 2798 ad
921 2739 1047 2800 scholam
1063 2757 1122 2798 nen
1138 2757 1217 2798 neee-

82 2817 163 2876 dant
201 2816 280 2897 Ergo
299 2817 357 2878 hoe
375 2814 566 2899 comparative
585 2815 694 2880 dietum
716 2819 873 2898 accipiunt,
903 2813 1180 2879 emnes'illuminari
1199 2835 1217 2876 a

81 2895 212 2971 Christe,
232 2897 299 2977 quia
318 2917 402 2958 neme
420 2899 526 2958 metare
545 2904 642 2978 queat,
659 2916 691 2958 se
709 2899 790 2958 aliter
810 2917 897 2978 qnam
911 2901 972 2958 eins
985 2898 1076 2978 gratie
1088 2897 1217 2957 vitaelu-

81 2995 148 3036 eem
167 2977 302 3058 adeptum
321 2995 392 3039 esse.
435 2976 494 3038 Sed
513 2995 604 3058 quum
624 2987 723 3038 omnes
742 2979 909 3058 generaliter
927 2983 1017 3058 ponat
1035 2973 1217 3056 Evangelista

83 3057 136 3136 qui
152 3056 184 3115 in
202 3053 282 3116 hune
300 3057 439 3118 mundum
457 3058 585 3131 veniunt,
603 3056 673 3116 mihi
688 3057 760 3116 alter
774 3075 873 3118 sensus
887 3058 976 3138 magis
989 3057 1107 3114 arridet:
1128 3053 1217 3131 Quod

83 3137 115 3196 in
132 3140 227 3195 totum
245 3155 335 3215 genus
354 3135 511 3198 humanum
530 3135 701 3196 dilsusi'sint
720 3135 756 3196 ab
775 3136 830 3196 hue
849 3138 913 3196 luce
931 3135 1016 3194 radii:
1037 3135 1120 3192 sicuti
1132 3133 1221 3192 eriam

83 3215 165 3294 prim
183 3215 292 3275 diaeum
310 3222 362 3276 est.
406 3213 519 3275 Scimus
539 3217 615 3275 enim
633 3215 690 3275 hee
709 3215 839 3276 hemines
858 3233 927 3296 pree
947 3213 1008 3273 aliis
1028 3210 1217 3272 attinentibus

86 3293 227 3371 singulm
244 3293 359 3369 habere,
378 3295 457 3372 qued
475 3295 585 3354 ratione
603 3300 633 3353 et
651 3293 835 3374 intelligentie
852 3294 972 3374 praediti
987 3299 1062 3367 sunt,
1084 3291 1161 3372 qued
1177 3289 1217 3350 di·
1259 3309 1261 3314 ·

84 3374 207 3432 susianen
224 3375 295 3434 recti
315 3380 345 3434 et
362 3373 459 3431 iniusti
476 3373 508 3431 in
527 3387 579 3430 suu
599 3375 770 3433 consecutio
788 3374 961 3452 insculptum
981 3377 1091 3450 gerunt.
1123 3369 1217 3429 Nemo

83 3453 181 3530 itaque
199 3459 253 3527 est,
272 3451 310 3512 ed
330 3469 417 3532 quem
435 3470 494 3509 non
513 3451 661 3529 perveniat
679 3451 781 3528 aliquis
796 3457 925 3511 aeternae
937 3451 1009 3509 lueis
1026 3469 1134 3509 sensus
1159 3447 1218 3506 Sed

84 3532 152 3610 qnia
170 3529 287 3592 mosee
305 3529 554 3598 hemines‚leeum
572 3525 651 3587 hune
666 3536 775 3589 temere
790 3533 933 3622 arreptum
946 3528 1057 3606 longius
1071 3529 1217 3604 torquent,

84 3616 118 3669 ut
135 3611 243 3671 seilicet
261 3610 328 3670 inde
347 3610 490 3747 eolliqlant,
510 3606 643 3668 omnibns
661 3625 804 3688 peraeque
818 3605 917 3665 ellani
929 3605 1141 3663 illuminationis
1156 3621 1217 3683 gra-

84 3690 168 3749 tiam:
190 3690 402 3750 meminerimus
441 3689 601 3749 intantum
619 3687 666 3768 agi
685 3687 721 3748 de
740 3686 885 3747 communi
904 3691 1022 3744 naturae
1040 3684 1118 3760 luce,
1143 3703 1217 3766 quae

85 3769 174 3848 lenge
189 3769 266 3830 intra
283 3767 371 3830 tidem
396 3763 524 3828 subsidit.
564 3768 754 3862 nequeenim
773 3787 840 3827 eum
859 3771 923 3826 tete
941 3764 1044 3860 mentis
1063 3783 1130 3825 seue
1150 3785 1216 3862 aeu-

85 3867 164 3986 tlt
180 3842 1215 4023 *gtt'sffifflgffiquqfflfflffifftsffsstfitf'nilttkig

87 4007 300 4067 nominemus
318 4009 435 4067 rationis
453 4007 548 4066 lucem
567 4024 654 4088 quam
667 4005 748 4066 Deus
761 4005 922 4066 hominibus
941 4005 1088 4080 indrderat,
1108 4007 1149 4066 sio
1164 4003 1214 4066 eb-

85 4092 230 4146 senratam
242 4087 335 4147 ¹t'uiese
352 4105 405 4167 per
422 4091 581 4168 pamniam,
599 4091 634 4146 ut
650 4087 703 4146 vix
721 4087 752 4146 in
771 4087 865 4147 densis
883 4085 1016 4162 tenebris,
1035 4087 1164 4166 adeoque
1183 4087 1214 4146 in

86 4164 230 4227 horrenda
257 4167 416 4248 ignorantia
439 4171 470 4226 et
492 4183 622 4226 mserum
646 4165 752 4246 abysse
774 4167 894 4246 exiguae
922 4165 1060 4228 scintillae
1082 4167 1214 4242 emicent,

87 4263 161 4327 quae
179 4247 268 4306 etism
284 4246 414 4328 protinus
432 4243 616 4386 seiloeanppr.
1132 4311 1133 4314 Ἴ
1156 4269 1163 4323 j

166 4328 217 4388 te.
256 4327 297 4388 Ie
314 4327 424 4387 mundo
442 4332 515 4386 oret.
584 4323 693 4388 emines
711 4325 917 4405 ingratitudinis
936 4331 1059 4400 accusat,
1078 4321 1156 4404 qued
1174 4323 1216 4384 itn

89 4405 173 4486 quasi
189 4411 293 4488 sponte
306 4404 497 4492 eoeeutierint
516 4410 554 4476 ut
564 4423 650 4468 eausa
662 4405 734 4470 lueis
749 4425 806 4488 qua
816 4405 990 4484 terebantur,
1007 4405 1062 4465 illis
1071 4403 1215 4484 incognita
