2786 4870
536 205 732 280 ⁴('utl’U’Tlt.
884 257 888 264 ·
1159 217 1273 284 31'
1382 237 1383 318 }

162 342 212 402 ‘.‘·l.
255 341 391 418 Qetsqrris
420 331 604 402 traooewertt.
647 333 763 416 luaigrris
792 333 881 394 heus.
920 327 993 394 Nam
1017 331 1100 394 sicuti
1118 329 1198 394 Dan

79 421 169 482 minis
199 437 232 478 ac
259 413 412 476 umatus
436 431 493 472 nos
521 419 655 494 tanquam
684 416 800 494 ignavos
833 414 925 474 asinos
949 411 986 474 ad
1010 411 1199 492 quaerendam

80 503 205 561 salntem
230 496 356 576 instigat:
385 494 424 554 ita
452 498 603 587 postquam
627 494 737 556 coelum
760 500 789 553 et
808 499 910 554 terram
928 491 1050 554 auctus
1068 493 1199 566 involvit,

79 579 201 642 modom
228 582 322 636 tamen
352 569 488 645 ostentu,
517 591 575 651 quo
605 573 680 634 satus
708 580 773 634 anto
797 572 894 634 oculos
916 578 1029 634 mosmos
1172 579 1199 645 t,

79 649 1200 814 ffiqqemffiffflbgqqqmssgqqqfffflgpfflqqq

79 817 199 898 quidem
217 820 295 875 esset
311 825 460 894 magunum,
489 811 538 872 sod
562 811 647 894 longo
664 754 754 872 maiirs
772 819 828 885 est,
856 812 924 872 dnm
942 773 1200 892 iutu’mutfipltoeo
1265 823 1279 896 j

77 897 184 957 mortis
203 893 323 973 abyssos
341 909 402 952 cam
441 891 567 952 remittit
617 889 716 970 Quom
738 894 846 966 omm‘a,
870 892 974 972 iuquit,
998 889 1115 952 conflua
1138 891 1200 952 ino

80 979 158 1049 rint,
186 979 219 1034 et
237 972 314 1032 exitii
331 911 451 1032 formido
469 971 562 1032 omnia
688 972 772 1046 verit,
800 977 910 1032 tanturn
932 973 1063 1032 invocata
1081 990 1143 1046 me,
1167 977 1202 1042 ,ct
1265 985 1267 992 '

83 1055 161 1114 salvi
184 1053 269 1112 critis.
316 1047 404 1130 Ergo,
433 1055 519 1110 uacuo
559 987 737 1112 offiium
755 1051 865 1132 propte
882 1049 1031 1132 absorptos
1049 1050 1086 1110 sit
1103 1049 1201 1128 humo,

85 1132 258 1215 proponitur
274 1129 314 1190 itti
331 1137 504 1190 marcorem
541 1131 613 1204 'm‚
637 1149 695 1212 quo
714 1131 836 1210 effugiat,
885 1127 1015 1190 Noteuda
1034 1131 1124 1192 etiam
1138 1133 1198 1192 uni·

85 1213 203 1272 versalis
263 1209 375 1282 rtiendo,
403 1217 570 1292 pateramque.
619 1208 692 1268 Nam
721 1211 781 1270 sinc
808 1210 972 1290 cxocptiouc
997 1206 1202 1280 oumceDcus'

86 1293 125 1352 ad
147 1309 217 1350 sca
265 1290 336 1364 istit,
366 1295 396 1348 ot
420 1287 475 1350 troc
494 1289 580 1349 modo
600 1288 635 1350 ari
655 1289 774 1350 satutem
796 1289 904 1350 inritat.
953 1286 1201 1367 Quemadmodum

85 1371 190 1430 Paulus
219 1369 327 1450 colligit
356 1367 464 1428 docimo
493 1367 529 1428 ad
553 1365 637 1428 Rom.
667 1369 757 1450 capite
781 1375 811 1429 et
834 1375 903 1429 anto
923 1388 940 1428 a
949 1368 1097 1508 prophet?
1115 1370 1199 1430 hadi-
1251 1380 1255 1386 “
1384 1353 1385 1358 ¹

90 1458 149 1510 tum
178 1449 284 1519 suerat,
324 1446 370 1508 'tu
388 1445 466 1508 Deru
485 1449 636 1508 exaudiens
658 1449 861 1534 precationem,
889 1447 925 1508 ad
973 1467 1104 1508 somnus
1125 1468 1201 1524 οπο

86 1531 187 1590 veniat.
227 1527 354 1606 Quando
372 1529 467 1608 itaque
486 1547 570 1588 nemo
589 1527 747 1588 excluditur
764 1527 800 1588 ab
818 1528 995 1589 invocatione
1013 1525 1084 1601 Dei,
1112 1529 1201 1588 omni·

84 1610 137 1669 bus
155 1615 253 1690 apertu
272 1613 316 1668 est
334 1607 433 1666 salutis
451 1609 543 1668 ianua.
592 1604 651 1668 Nec
679 1606 755 1668 aliud
779 1613 825 1668 est
846 1607 924 1688 quod
947 1606 1103 1668 aasabim

84 1695 189 1761 uocat,
312 1687 428 1768 propria
446 1686 548 1748 iartidei'
566 1707 602 1746 ·s.
651 1685 759 1748 Omnes
778 1687 851 1760 diuo,
869 1685 972 1767 quibua
990 1705 1022 1748 se
1038 1707 1091 1769 per
1104 1628 1202 1750 diff
1267 1745 1289 1772 ,

86 1768 193 1847 getium
309 1766 448 1847 patefacit.
497 1765 618 1842 Verum,
646 1767 727 1826 sicuti
746 1767 775 1826 in
793 1765 849 1826 Dat
867 1767 1046 1828 mvomiiune
1064 1774 1140 1828 oona
1158 1773 1202 1828 est

86 1847 179 1922 salus,
194 1847 245 1906 ita
268 1847 520 1920 commonuere,
547 1849 608 1907 siue
630 1849 691 1928 ipsa
710 1853 755 1906 ter
772 1847 889 1906 miseros
908 1865 969 1906 essc
986 1865 1092 1908 nasac
1109 1847 1202 1928 perdi·

87 1933 145 1986 tos.
184 1924 335 1986 Caeterum
357 1946 446 2006 quum
469 1927 545 1986 sulus
569 1935 667 1988 nostra
691 1926 801 1986 locatur
818 1925 848 1985 iu
864 1923 923 1986 Det
940 1926 1131 2001 invocatione,
1159 1928 1202 1986 ni·

86 2005 130 2066 tur
158 2005 262 2066 interea
290 2005 421 2066 adimitur
449 2005 530 2080 iidei,
558 2007 671 2086 qurundo
698 2005 770 2066 hacc
795 2004 936 2066 invocatio
958 2005 1071 2067 uodoni
1092 2007 1123 2066 iu
1144 2004 1203 2066 fide

85 2085 203 2146 fundata
232 2091 283 2144 est
332 2084 385 2145 Est
408 2084 462 2146 alia
486 2105 600 2167 quoquc
624 2085 913 2146 circumstantiarum
932 2086 1024 2148 minus
1042 2089 1143 2145 uoutu
1161 2083 1202 2144 di·

86 2183 155 2260 gua,
180 2164 256 2244 quod
275 2161 420 2246 Propheta
442 2165 547 2226 ultimis
566 2165 665 2226 dicbus
683 2165 797 2246 proprie
815 2183 970 2245 congruum
988 2162 1128 2246 significat
1144 2159 1203 2226 Dei

84 2246 301 2304 mvouattouom.
350 2243 425 2306 Nam
448 2247 501 2304 etsi
520 2243 649 2306 omuibus
674 2245 792 2306 saeculis
810 2243 936 2306 invocari
953 2243 1202 2324 roloit‚,ex.quo

84 2330 178 2384 umen
196 2325 228 2382 iu
247 2323 364 2382 Cirristo
388 2343 419 2384 sc
437 2323 564 2386 exhibuit
582 2323 710 2400 Patrem,
738 2323 847 2386 facilius
870 2323 952 2384 uobis
971 2323 1008 2384 ad
1026 2343 1092 2384 eum
1110 2341 1203 2384 acces·

85 2421 135 2462 sus
163 2409 251 2483 putot.
297 2399 383 2480 Quod
406 2410 435 2464 et
458 2405 591 2464 maiorem
609 2404 693 2468 uobis
711 2403 842 2464 fiduciam
860 2403 978 2479 addere,
1005 2409 1035 2462 ct
1057 2409 1203 2484 torporem

86 2489 222 2542 encoma
251 2479 343 2541 debet.
390 2481 429 2542 Ut
452 2486 536 2544 ctiam
555 2485 737 2546 ratiocinatur
754 2485 816 2566 ipsc
834 2482 889 2544 hoc
908 2482 1055 2566 privilagio
1074 2483 1203 2546 ahcrita·
1318 2505 1322 2514 ’

86 2568 148 2619 tem
166 2561 201 2620 ad
221 2559 389 2642 precandum
406 2562 488 2624 nobis
507 2565 652 2646 duplicari,
670 2562 813 2624 Hactenus
831 2583 891 2624 non
909 2563 1028 2646 petiistis
1047 2561 1204 2645 quidquam

86 2641 119 2700 in
142 2641 256 2700 nomine
279 2659 355 2700 mco:
384 2645 484 2723 petito,
513 2650 543 2702 ot
571 2643 761 2724 impetrabitis.
810 2640 900 2722 Quasi
929 2643 1046 2716 diecret,
1074 2641 1203 2705 Antehac

88 2721 217 2798 quamvis
235 2719 359 2782 nondum
379 2724 560 2803 apparuerint
578 2722 716 2784 ltiediator
733 2725 764 2784 iu
781 2743 866 2786 oaroc
884 2729 913 2786 et
931 2721 1111 2798 Admetus,
1138 2741 1205 2805 pre-
1304 2771 1308 2780 .

85 2799 141 2858 cati
160 2807 254 2860 tameo
273 2801 354 2860 ostia:
385 2819 462 2860 nnnc
480 2801 529 2861 nbi
547 2804 734 2886 patrocinium
752 2803 993 2880 monuncourt,
1018 2809 1126 2887 quanto
1144 2803 1202 2866 ani·
1294 2859 1299 2870 t

84 2879 189 2940 mosius
207 2879 237 2940 id
255 2878 351 2940 facem
370 2883 537 2944 conveniet?

169 3036 225 3102 Ὦ.
268 3033 336 3104 Vari
356 3034 526 3122 eumue,
561 3038 747 3109 audite-hos
768 3063 943 3112 semonesa
984 3041 1089 3113 lesum
1108 3041 1204 3113 Nara·

84 3139 338 3222 unumunurn
365 3141 477 3232 aDeo
500 3155 662 3214 ostensum
684 3169 852 3237 ergarus,
876 3149 1058 3230 virtutibus,
1084 3157 1115 3216 et
1135 3173 1205 3240 pro

8 3259 9 3264 ’
87 3244 196 3335 digiis,
226 3253 260 3314 et
285 3245 379 3338 signis
404 3273 485 3339 quac
512 3249 585 3321 iecit
606 3277 662 3344 per
682 3252 787 3343 ipsum
807 3249 897 3320 Deus
918 3253 951 3321 iu
972 3251 1078 3322 medio
1099 3253 1205 3340 vestri,

28 3420 41 3426 ,
87 3349 357 3440 quemadmodum
379 3364 410 3421 et
437 3355 498 3446 ipsi
527 3359 639 3426 nostis:
683 3359 737 3428 93.
771 3356 880 3443 Ilunc,
906 3358 1051 3451 inquam,
1079 3358 1205 3428 definito

86 3454 234 3538 consilio,
267 3466 300 3525 et
323 3461 520 3549 praescientia
548 3463 609 3558 Dei
636 3463 782 3532 trandtum
812 3488 870 3555 per
895 3487 1009 3534 manus
1034 3463 1205 3556 impiorum
1248 3448 1253 3456 ¹

82 3559 262 3654 accepistis,
296 3573 327 3631 et
352 3567 442 3634 eruci
475 3566 604 3646 affixum
636 3568 845 3638 interemistis.
900 3570 952 3640 24.
985 3571 1100 3667 Quem¹
1115 3567 1205 3638 Deus

86 3665 252 3751 suscitarit,
276 3667 391 3738 solutis
412 3663 573 3741 doloribus
594 3675 714 3760 mortis,
737 3676 992 3770 quandoquidem
1013 3674 1205 3768 impossibile

87 3779 155 3837 erat
174 3771 275 3862 ipsum
296 3775 397 3845 teneri
418 3777 458 3844 ab
480 3802 527 3846 ca.

153 3919 213 3984 tt.
231 3921 330 3980 Iesum
348 3922 553 3985 Nazarenum.
591 3881 785 3989 chdeum
803 3928 840 3989 ud
859 3947 943 3988 soum
960 3927 1120 3991 institutum
1177 3881 1179 3886 Ι

85 3993 210 4088 photium
228 3995 311 4059 latiis
331 4003 540 4064 accommodat:
563 4023 665 4145 nemppe
688 4014 721 4068 ut
738 4008 804 4069 iude
824 4013 976 4089 agnoscant
994 4005 1089 4068 ludaei
1106 3947 1205 4070 a&

84 4075 294 4170 instaurationis
323 4087 452 4162 tempus,
480 4090 510 4144 ct
537 4085 601 4144 ideo
657 4087 765 4147 tristam
788 4087 841 4148 sibi
864 4107 926 4148 csse
950 4085 1055 4148 datum.
1104 4085 1204 4170 Neque

84 4171 160 4246 cmm
189 4155 271 4216 ahter
298 4179 386 4238 quam
415 4161 537 4224 adventu
565 4163 726 4226 Mediatoris
755 4167 922 4248 complenda
950 4174 1010 4228 crat
1038 4166 1108 4230 triac
1137 4190 1202 4250 pro·

83 4233 190 4292 missio.
216 4235 327 4330 'Atque
344 4239 396 4334 hic
412 4241 524 4302 daurom
543 4250 637 4305 rectus
654 4253 700 4306 ost
717 4267 784 4307 usus
802 4248 942 4307 donomm
961 4248 1101 4322 cronium,
1130 4243 1205 4343 qoa'o
1273 4247 1277 4253 ’

153 4303 301 4375 Chnstoru
320 4337 396 4398 porca
418 4321 506 4394 imos,
534 4324 602 4384 dum
625 4343 678 4386 nos
701 4325 738 4387 ad
757 4325 902 4387 Christum
924 4327 934 4387 i
956 4347 1033 4401 sum„
1062 4329 1149 4386 veluto
1168 4324 1204 4383 ad

94 4396 191 4453 onwan
211 4393 362 4459 deducunt.
430 4419 510 4462 crum
529 4402 586 4464 huc
604 4405 707 4468 sensim
724 4407 908 4488 progreditur.
966 4426 1038 4489 oque
1056 4407 1132 4466 enim
1143 4409 1204 4461 'atc-
