2818 4848
168 220 228 284 ars
558 207 909 280 malsuaronuu.

169 333 280 394 viderit.
294 343 310 358 ’·
320 329 394 392 Nam
411 325 469 390 hoo
486 342 554 390 cnm
572 330 659 390 altera
672 329 777 390 Christi
795 329 933 390 mantin
947 323 1027 406 (hac
1038 331 1087 404 10,
1098 329 1163 412 td.)
1181 329 1296 394 videtur

167 411 283 474 minime
302 411 448 492 quadrare,
467 408 552 478 Multi
564 407 657 491 Reges
670 407 869 490 ctPropbelae
889 413 1022 488 optarunt
1040 409 1137 470 videre
1157 429 1234 492 quae
1252 413 1294 472 vi·

167 493 250 568 detis,
270 511 323 552 nec
341 497 435 552 tamen
453 488 593 550 videramt.
631 485 812 570 Respondeo‚
832 487 917 547 iidem
936 489 965 546 in
976 485 1080 549 Christi
1098 490 1205 552 intuitu
1225 512 1296 552 snos

167 572 274 632 habere
297 569 412 650 gradus:
443 589 504 648 quo
525 567 559 628 fit
577 574 612 628 ut
629 567 791 649 Prophetae
810 575 919 628 veteres
939 565 1085 628 Christum
1102 571 1204 651 procul
1224 591 1295 631 con·

167 649 430 804 uallarat
447 649 677 788 leuauit
694 647 1294 792 iilinffirimbffltlitit

166 789 294 880 renddt,
307 821 404 888 'quum
423 748 540 868 eqcoelo
556 807 700 868 descendit
713 807 749 866 ad
763 806 899 868 homines.
953 827 1020 867 orro
1032 751 1220 872 nooemuribs
1229 830 1292 870 ver·

165 889 217 962 bis,
238 889 321 947 denti
338 907 397 948 non
416 887 567 947 bustratus
587 894 630 947 est
640 886 718 947 Dcut
727 885 858 947 Abrabae
871 893 980 961 votum,
1000 888 1042 946 ita
1058 885 1144 948 hodie
1157 907 1216 949 non
1230 907 1293 970 pas-

166 987 265 1028 surum
274 974 318 1028 art
337 969 486 1048 (pruisquam
506 967 566 1026 sine
585 967 714 1048 proiectu
733 965 770 1026 ‘ad
780 965 925 1028 Christum
945 968 1060 1048 aspiret,
1080 969 1150 1048 qnia
1190 969 1219 1029 io
1233 970 1294 1029 eius

166 1047 305 1118 desiderio
324 1045 501 1128 respondeat.
542 1044 630 1122 Quod
648 1066 716 1127 ergo
735 1066 793 1106 uon
813 1066 843 1106 sc
862 1046 988 1128 pluribus
1008 1047 1059 1108 dat
1077 989 1244 1122 fruentium,
1263 1049 1294 1108 in

166 1144 252 1186 cansa
272 1133 316 1186 est
335 1126 482 1186 hominum
501 1126 674 1207 malignitas,
705 1127 772 1206 quie
795 1145 812 1186 a
836 1128 934 1207 paucis
957 1128 1109 1208 expetitur.
1150 1127 1293 1187 Gaudium

79 1281 83 1292 Ι
165 1206 297 1268 Abrahae
325 1211 447 1266 testatur
472 1207 602 1266 notitiam
626 1227 658 1267 re
696 1206 705 1264 i
725 1205 829 1265 Christi
854 1226 907 1287 pro
927 1206 1139 1287 incomparabili
1158 1205 1292 1266 thesemo

164 1286 252 1346 illisae
271 1285 306 1344 ab
325 1287 388 1367 ipso
407 1285 546 1346 habitam:
566 1292 595 1345 et
614 1287 644 1346 in
658 1227 740 1344 bunne
759 1285 844 1344 linem
863 1285 965 1346 dicitur
977 1287 1232 1366 gavisusesseviso
1243 1286 1290 1345 die

166 1365 272 1425 Christi
292 1372 326 1424 ut
345 1366 466 1426 adamas
485 1365 556 1425 nihil
574 1383 639 1424 cum
658 1367 748 1445 pluris
768 1365 876 1426 iecisse.
899 1364 1049 1425 Caeterum
1060 1364 1134 1426 bunc
1143 1363 1208 1424 fidei
1219 1383 1288 1424 suae

164 1445 288 1504 mesum
308 1446 348 1541 pii
363 1465 460 1506 omnes
475 1445 641 1526 percipiunt,
661 1443 739 1524 prod
750 1443 863 1504 Christo
872 1465 931 1504 nno
941 1447 1073 1518 contenti,
1092 1447 1122 1504 in
1136 1465 1193 1525 quo
1203 1444 1287 1524 plene

165 1531 195 1584 et
213 1525 243 1582 in
263 1525 386 1584 solidum
404 1525 478 1584 beati
497 1531 612 1584 suntet
630 1525 736 1596 felices,
754 1525 920 1603 tranquillas
939 1531 969 1585 et
988 1525 1088 1584 hilares
1102 1525 1287 1584 conscientias

165 1601 278 1664 habent.
317 1602 355 1664 Et
374 1611 450 1665 certe
467 1623 553 1663 nemo
572 1605 625 1682 rite
645 1605 778 1684 cognovit
794 1603 946 1673 Christum,
965 1605 1022 1664 nisi
1040 1605 1089 1684 qui
1106 1603 1163 1664 hoc
1181 1603 1224 1662 illi
1237 1603 1288 1662 tri-

164 1681 226 1742 buit
238 1682 374 1755 honoris,
403 1690 436 1743 ut
454 1685 484 1742 in
500 1701 538 1742 eo
558 1702 673 1763 prorsus
693 1685 860 1762 acquiescat.
900 1683 959 1745 Alii
977 1689 1126 1764 exponunt
1144 1681 1288 1744 Abrabam

164 1768 256 1820 morte
276 1763 333 1822 iam
352 1762 515 1822 defunctum
533 1763 652 1822 amasse
666 1761 772 1822 Christi
790 1765 984 1844 praesentiam,
1004 1783 1095 1842 quum
1114 1761 1220 1822 mundo
1239 1781 1287 1842 ap·

185 1843 270 1917 aruit:
289 1849 376 1922 atque
394 1845 434 1901 ita
454 1841 582 1902 desiderii
601 1849 631 1900 et
649 1843 764 1902 visionis
777 1849 907 1924 tempora
921 1844 994 1902 inter
1008 1863 1040 1902 se
1054 1842 1286 1902 diversasaciunl.

163 1861 202 1979 bt
220 1938 319 1979 varum
339 1922 454 2001 qaridem
472 1927 525 1994 est,
544 1921 688 2001 spiritibus
707 1923 810 1982 sanchs
819 1929 884 2002 post
893 1929 1014 1982 mortem
1024 1923 1195 2004 patefactum
1206 1920 1286 1980 Chri·

163 1999 381 2075 etiamsolum,
401 2002 481 2059 cuius
501 2001 710 2081 exspectatione
726 2003 857 2083 'suspensi
876 2001 986 2062 fuerant
1005 2009 1068 2062 lota
1086 2003 1160 2062 vita:
1180 2001 1287 2062 sedne·

164 2078 224 2138 scio
243 2097 280 2140 an
299 2081 440 2160 expositio
460 2086 518 2140 tam
538 2087 638 2160 arguta
659 2079 766 2140 Christi
783 2081 875 2141 verbis
895 2083 1053 2142 conveniat.
1105 2141 1107 2158 ,

242 2159 291 2222 57.
324 2167 460 2242 Quinque
489 2169 550 2220 'nlo
568 2181 670 2220 annos.
710 2157 817 2220 Christi
841 2161 947 2220 dictum
967 2161 1002 2220 ab
1020 2159 1184 2240 impossibili
1203 2157 1286 2220 neiei-

121 2249 125 2273 t
162 2235 221 2297 lere
240 2247 387 2313 conantur,
406 2259 464 2318 quo
504 2239 675 2299 seAbrahae
694 2247 760 2301 ante
781 2241 870 2300 muita
886 2239 996 2319 saecula
1010 2247 1122 2300 mortuo
1136 2239 1284 2318 aequalem

161 2316 247 2390 iaciat
265 2318 392 2378 nondum
412 2319 472 2398 ipse
492 2320 618 2398 quinqua
637 2320 757 2380 enarins.
795 2317 919 2380 Tametsi
937 2327 1030 2380 aulem
1048 2319 1174 2378 nondum
1194 2337 1283 2377 annos

161 2397 275 2477 triginta
294 2403 418 2476 qrratuor
436 2404 519 2456 natrrs
538 2404 599 2456 erat
610 2339 748 2470 Christus,
768 2399 832 2480 plus
847 2407 940 2460 latum
957 2401 996 2459 illi
1010 2397 1284 2476 actatisconcedunt,

161 2493 198 2538 ne
218 2475 368 2542 vidmntur
386 2476 470 2536 nimis
489 2483 589 2536 exodo
607 2484 637 2538 et
655 2481 780 2558 praecise
798 2499 865 2540 cum
883 2479 933 2539 illo
953 2499 1050 2560 agere:
1061 2471 1132 2538 'acsi
1150 2477 1284 2546 dicerent,

161 2551 206 2612 Tu
226 2560 301 2613 certo
320 2575 378 2620 non
397 2555 438 2614 ita
457 2574 554 2622 senem
573 2545 710 2632 bosonica,
731 2561 1011 2618 utleiactcsannum
1062 2558 1286 2640 inquagesimum

160 2631 217 2690 atti
232 2633 294 2690 ‘sse
343 2627 410 2692 ideo
476 2635 483 2651 '
509 2635 661 2696 coniiciunt
684 2635 756 2696 facie
776 2639 864 2718 magis
883 2639 978 2698 attrita
997 2637 1084 2698 luisse
1104 2655 1190 2718 quam
1209 2641 1285 2695 aetas

161 2709 220 2770 fere
255 2716 277 2784 t,
297 2711 343 2770 vel
362 2721 420 2772 nori
435 2655 502 2774 ilisa·
521 2714 660 2776 hocloco
680 2718 851 2778 mentionem
870 2717 994 2780 mannis
1005 2717 1152 2792 solaribus,
1172 2716 1283 2796 utrique

159 2785 197 2848 de
214 2789 304 2850 nihilo
324 2791 460 2852 laborant.
490 2791 595 2874 Papiae
614 2817 684 2857 vero
703 2797 876 2877 figmentum,
896 2800 947 2878 qui
966 2797 1111 2858 Christum
1131 2813 1217 2878 snpra
1234 2813 1283 2858 an·

160 2887 213 2927 nos
234 2869 418 3010 {gadpaginta
437 2873 783 3033 rixiffirtadppithnullo
795 2878 1100 3035 buid⁰.m⁰ifll‘³l¹.¹d¹¹m
1119 2884 1170 2973 est
1224 2973 1273 3014 w

279 2989 286 3006 ·
337 2975 365 3011 ra
459 2977 488 3011 m
652 2981 686 3017 ro
706 2981 764 3017 om.
826 2977 871 3016 ura
889 2977 966 3017 ancre
987 2977 1153 3017 urnonmsr
1167 2975 1205 3015 ex
1273 2990 1286 3004 ·

159 3025 216 3086 nati
236 3045 253 3086 a
304 3035 352 3088 ctu
371 3031 401 3088 iu
423 3031 510 3108 ’cant‚
540 3031 671 3096 Christus
695 3056 726 3096 se
744 3037 835 3096 nraius
855 3037 988 3116 quiddam
1007 3043 1036 3097 el
1056 3037 1141 3097 altius
1160 3033 1282 3094 humana

88 3165 98 3180 ,
159 3107 253 3186 specie
293 3107 376 3168 abere
395 3109 536 3188 admonet,
561 3116 639 3193 qaod
658 3115 785 3188 sensibus
806 3117 896 3176 camis
915 3115 1111 3177 absconditum
1130 3115 1197 3176 solis
1215 3111 1283 3174 fidei

159 3187 250 3246 oculis
270 3189 408 3248 cernitur:
429 3194 584 3253 secundum
596 3194 677 3255 banc
695 3197 834 3256 rationem
853 3215 885 3256 se
903 3198 1028 3276 poluisse
1042 3215 1062 3256 a
1081 3197 1185 3256 muchs
1194 3193 1284 3254 Patri·

158 3263 212 3324 bas
232 3267 334 3342 videri,
363 3269 528 3350 priusquam
547 3275 577 3334 in
596 3293 680 3335 carno
699 3277 793 3356 palam
812 3282 944 3335 exstaret.
983 3276 1056 3337 Aliis
1074 3283 1168 3336 tamen
1188 3273 1284 3334 verbis
1400 3343 1401 3346 Ἴ

157 3345 260 3440 utimr:
285 3344 470 3444 Priusquam,
490 3352 596 3490 lupuit,
615 3351 759 3415 Abrabam
779 3362 954 3428 nasceretur,
974 3375 1028 3436 ego
1042 3375 1120 3416 sum.
1159 3353 1222 3413 Sed·
1236 3351 1282 3411 his

155 3423 260 3483 verbra·
276 3435 375 3486 mamrt
400 3449 431 3489 se
455 3449 577 3514 erugo
602 3432 763 3508 hominum,
792 3435 902 3516 sibique
925 3436 1076 3496 coelestem
1094 3435 1225 3494 virtutem
1245 3449 1281 3491 cc

155 3500 280 3564 divinam
297 3507 432 3582 vindicat,
452 3511 533 3572 cuius
552 3532 651 3574 sensus
670 3513 705 3573 ab
720 3516 800 3574 initio
809 3535 900 3596 usquc
908 3515 1007 3574 mnndi
1019 3517 1050 3574 in
1059 3515 1151 3575 omnia
1165 3509 1280 3571 saecula

156 3581 274 3644 diffusus
295 3585 388 3646 inerit.
424 3585 509 3666 Quan
549 3611 595 3650 am
615 3592 741 3654 bilariam
761 3597 866 3674 exponi
885 3594 972 3655 verba
991 3593 1060 3654 baec
1077 3597 1208 3672 possunt:
1228 3589 1280 3650 ali·

156 3663 206 3740 qui
232 3666 307 3724 enim
332 3668 495 3748 simpliciter
510 3609 570 3730 bb:
588 3672 617 3730 in
637 3671 780 3734 domanam
800 3673 906 3734 Christi
925 3675 1099 3734 divinitatem
1117 3689 1180 3730 com
1202 3675 1280 3730 ctare

155 3747 267 3878 putant,
286 3763 321 3834 ac
338 3755 507 3827 comparant
525 3769 590 3808 cum
609 3749 659 3811 illo
674 3751 760 3812 iliosis
775 3753 850 3827 loco,
870 3753 932 3835 Ego
951 3775 1016 3816 sum
1030 3753 1079 3833 qui
1097 3771 1160 3810 sum
1173 3690 1281 3827 (bxod

126 3835 129 3840 ·
156 3819 266 3898 ‘‚14.).
292 3820 353 3905 Ego
372 3845 442 3885 vero
462 3827 574 3909 longius
592 3832 725 3904 extendo,
744 3837 811 3912 quia
826 3835 915 3894 virtus
930 3841 959 3895 et
974 3839 1063 3916 gratia
1076 3831 1190 3906 Christi,
1232 3849 1281 3890 ua·

154 3901 239 3956 tenus
259 3903 357 3996 mundi
371 3901 547 3988 Redemptor
565 3916 617 3983 est,
637 3913 762 3972 omnium
782 3919 905 3972 actatum
925 3914 1083 3974 communis
1102 3911 1164 3972 luit.
1204 3851 1281 3971 Con·

153 3975 231 4069 venit
249 3978 336 4054 igitur
355 3999 420 4042 curn
440 3986 489 4045 illo
508 3987 641 4068 Apostoli
661 3991 737 4052 dicto
757 3991 857 4069 (liebr.
878 3997 927 4068 13,
947 3996 998 4073 8.),
1019 3993 1151 4054 Christus
1170 3990 1232 4052 heri
1250 3998 1281 4051 et

153 4049 238 4114 bodre
258 4063 287 4114 et
304 4059 335 4118 in
354 4065 493 4124 saecula'
515 4066 565 4127 Sic
589 4071 665 4128 enim
688 4073 799 4133 videtur
823 4065 973 4134 contextus
998 4075 1120 4155 exigere
1159 4070 1281 4132 Dixerat

152 4149 233 4267 praue
252 4133 326 4196 diem
346 4159 430 4200 suum
450 4145 562 4206 ardenti·
571 4147 707 4211 desiderio
723 4155 881 4233 expetitum
891 4155 977 4214 fuisse
986 4153 1022 4212 ab
1033 4153 1192 4216 Abraham:
1212 4151 1279 4232 quia

174 4227 210 4294 cc
228 4211 338 4276 Iudaeis
361 4220 524 4286 incredibile
543 4233 618 4302 crat,
647 4231 756 4292 subiicit
780 4252 811 4291 se
829 4241 898 4294 tunc
917 4251 1032 4313 quoque
1052 4233 1147 4294 fnisse.
1188 4230 1279 4290 Porro
1397 4253 1398 4306 j

151 4307 210 4348 non
229 4295 296 4389 satis
315 4295 397 4360 firma
409 4305 472 4364 crit
490 4324 591 4366 musac
610 4309 737 4384 redditio,
762 4311 814 4370 nisi
835 4311 1023 4392 intelligamus
1042 4313 1099 4373 iam
1120 4320 1183 4372 tum
1202 4309 1279 4391 agni·

149 4371 213 4428 lum
232 4368 318 4436 iubae
337 4379 536 4461 mediatorem,
559 4405 576 4444 a
600 4407 658 4468 quo
677 4391 831 4471 placandus
851 4377 926 4454 esset
944 4391 1035 4452 Deus.
1076 4389 1165 4470 Quod
1183 4398 1279 4450 umen
