2810 4850
177 245 217 308 si
567 233 609 300 tlt
626 233 769 303 avalia.
788 233 919 300 ioirtii.
951 293 954 306 .

177 360 284 440 Atque!
304 355 388 418 hodie
410 351 481 416 nihil
505 370 555 416 eos
578 353 679 436 pudet,
707 353 737 414 in
760 359 840 416 unta
858 347 1006 433 Evangelii
1028 349 1093 416 luce
1118 351 1191 416 talea
1211 351 1301 416 addus
1398 401 1399 406 ι

178 440 350 520 imposturas
370 434 521 499 venditam.
551 433 608 494 lioe
626 439 704 494 certa
721 452 781 518 non
798 439 843 494 est
861 431 960 493 lallare
979 433 1149 514 praestigiis,
1168 433 1221 494 sed
1240 453 1302 495 coe-
1398 421 1399 428 ἵ

179 520 220 580 cis
241 517 372 578 audacter
395 513 523 575 illudere.
571 512 711 574 Mundum
734 529 804 573 vero
823 531 841 572 a
860 509 967 574 Satam
985 511 1152 574 fascinatum
1170 532 1235 576 esse
1252 533 1303 600 pe·

176 599 237 682 lnm
256 605 308 671 est,
328 593 377 674 qui
394 599 453 654 tani
473 611 566 654 crassa
583 593 703 654 ludibria
721 611 782 654 non
800 593 893 654 sentit.
1204 651 1206 655 .

257 679 286 773 [7.
305 674 426 770 implete
444 675 570 770 lipdrias·
583 696 673 757 σφεα.
710 669 873 734 Ridiculum
891 669 1026 733 ministris
1044 669 1101 732 lice
1119 678 1305 756 praecepium

179 759 268 818 videri
286 760 392 835 potuit,
415 772 507 834 equae
526 754 676 814 animiam
695 758 757 812 erat
773 752 839 836 plqs
859 752 939 812 satis:
968 751 1020 812 sed
1039 749 1096 812 lioe
1112 754 1200 814 inodo
1218 771 1305 836 agera

177 836 326 898 nobiscum
335 832 477 894 Dominus
497 834 577 908 solet,
597 839 629 892 ut
648 831 784 902 illustrior
803 837 928 912 emergat
946 831 1007 891 eius
1022 833 1196 913 potentiaex
1210 834 1307 915 inape«

176 922 238 978 rato
269 928 409 976 sacceam
453 911 626 993 Quanquam
644 911 715 972 liaeo
733 910 941 972 circumstantia
960 910 997 970 ad
1015 911 1145 972 miraculi
1163 931 1309 974 commea·

176 996 321 1056 dationem
338 993 432 1053 addita
452 998 508 1054 est:
527 1013 594 1052 nam
613 1012 703 1072 quum
720 991 842 1063 ndnuh'i
860 989 954 1052 infusa
966 1009 1042 1072 aqua
1050 992 1151 1054 viuum
1164 989 1307 1070 mutant,

174 1075 255 1136 nulla
272 1074 387 1134 haesere
405 1079 500 1154 potest
518 1073 648 1153 suspicio.

68 1209 71 1220 .
248 1155 308 1292 ⁹8.C
325 1149 435 1248 Ecdem
458 1158 568 1248 spectat
591 1151 669 1232 quod
692 1150 753 1214 vini
770 1169 909 1250 'saporem
926 1147 968 1248 ab·
982 1149 1172 1248 melitiiclino
1191 1147 1308 1234 probari
1398 1205 1399 1208 ,

141 1283 144 1294 ’
175 1234 269 1374 tili
287 1232 756 1452 {dimillmffiffi
769 1232 1306 1393 {tristissimi-littus

174 1394 295 1454 hincce
327 1411 418 1474 girum
436 1391 559 1452 midtnm
577 1389 608 1451 in
627 1411 661 1452 eo
680 1390 768 1452 nese
785 1393 959 1454 reverentiae
978 1409 1013 1452 ac
1027 1391 1179 1472 digiiitatis
1202 1388 1305 1452 Archi-

174 1472 320 1568 trielipum
338 1477 423 1531 vocat
441 1467 630 1552 Evangelista,
650 1472 701 1552 qui
720 1471 886 1533 instruendo
905 1470 1039 1532 convivio
1058 1476 1089 1532 et
1106 1469 1211 1532 mensis
1230 1469 1307 1530 ordi·

174 1553 275 1649 nandis
294 1551 453 1646 praelectus
472 1558 545 1647 erat:
565 1571 625 1612 non
644 1550 723 1647 quod
739 1551 850 1612 lautum
869 1569 904 1648 ae
923 1550 1106 1648 splendidum
1121 1551 1193 1612 adeo
1207 1549 1307 1646 conqi·

173 1631 380 1802 isiaci
398 1631 547 1770 itu
569 1629 1306 1806 {amarissimarum
1398 1723 1399 1730 ψ

176 1797 221 1859 cst
240 1789 319 1870 quod
328 1787 457 1885 Christis
458 1790 541 1930 laq-up
570 1791 644 1929 'taqqs
662 1792 804 1871 magister,
822 1791 882 1852 vini
901 1798 931 1852 et
947 1789 1062 1928 quidem
1071 1789 1306 1886 praestantissimi

174 1869 1006 2048 umiianeqnirtusurii
1018 1865 1305 2028 1111111

172 2035 382 2090 imitamentum
410 2037 454 2090 est
481 2031 625 2091 luxmiaei
695 2031 703 2048 ‘
772 2029 848 2090 otius
871 2029 944 2090 haec
965 2028 1166 2110 temperantiae
1189 2032 1306 2088 nostrae

174 2128 244 2170 vera
262 2114 315 2206 est!
347 2107 471 2184 rotatio,
501 2110 526 2170 si
549 2111 580 2172 in
603 2129 650 2202 nae
714 2049 873 2186 Auente,
901 2109 981 2193 perci
997 2114 1093 2168 umen
1112 2125 1148 2168 ae
1165 2107 1307 2168 modesti

174 2208 282 2250 sumus.
355 2187 573 2250 uemadmodum
591 2187 699 2252 Paulus
718 2191 871 2271 parianu,
893 2209 925 2250 se
944 2189 980 2250 ad
999 2193 1153 2270 utrumque
1171 2186 1305 2248 edoctum

173 2288 246 2346 esse,
266 2273 299 2330 nt
318 2267 462 2330 abundare
482 2275 511 2330 et
530 2271 637 2332 esurire
656 2270 728 2330 sciat
746 2269 832 2348 (Phil.
854 2271 883 2346 4,
902 2267 974 2348 is).

256 2351 305 2442 1¹:
324 2351 392 2442 lior
405 2357 588 2429 principium
626 2359 633 2372 '
695 2373 771 2410 mm.
800 2349 908 2410 Sensus
927 2355 981 2424 est,
998 2346 1057 2410 lioe
1073 2347 1198 2432 primum
1216 2345 1305 2408 luisse

173 2447 213 2487 ex
233 2425 340 2486 Christi
358 2428 509 2487 miraculis.
560 2426 609 2506 Qu
670 2429 747 2489 enim
766 2430 857 2510 angeli
876 2428 1035 2510 pastoribus
1055 2429 1149 2512 ipsum
1167 2429 1198 2488 in
1215 2426 1309 2486 Beth-

173 2505 269 2566 lehem
287 2511 387 2600 natum
406 2506 587 2602 nuntiarunt,
607 2507 685 2588 quod
703 2507 794 2590 Magis
814 2507 895 2568 smila
914 2527 929 2568 a
950 2509 1058 2588 paruit,
1081 2507 1163 2588 quod
1181 2506 1307 2588 Spiritus

174 2591 288 2646 saneois
307 2605 338 2644 in
357 2604 450 2666 speeie
469 2585 618 2651 columbae
636 2605 723 2668 super
741 2608 807 2649 enm
827 2527 981 2661 descendit,
998 2589 1112 2648 temetsi
1130 2587 1202 2647 haec
1220 2587 1306 2648 mira·

174 2664 240 2760 cula
259 2663 388 2760 fuerint,
416 2683 476 2726 non
498 2671 596 2728 tamen
614 2669 728 2750 proprie
747 2667 783 2747 ali
803 2668 865 2749 ipso
885 2673 953 2728 sunt
970 2667 1058 2727 edita:
1086 2665 1133 2728 hie
1152 2674 1249 2728 autem
1268 2667 1307 2728 de

173 2742 318 2840 miraculis
336 2749 429 2825 agitur
448 2765 572 2826 quorum
590 2748 599 2806 i
620 2767 651 2808 se
671 2754 771 2810 auctor
789 2749 906 2810 sustitit
945 2745 1093 2808 Frivolnm
1111 2749 1188 2808 enim
1204 2753 1252 2808 est
1270 2765 1308 2808 ae

172 2821 434 2964 ”diullffliffl
453 2826 571 2924 quidam
634 2834 686 2889 unt
704 2827 778 2890 inter
796 2828 933 2890 miracula
954 2825 1168 2908 quaeCluistus
1182 2825 1307 2888 inCana

174 2901 317 3042 §egaeae
383 2903 433 2980 dit,
452 2903 510 3002 lpop
521 2927 653 3046 primum
670 2911 824 3006 numerari:
845 2911 927 3006 quasi
945 2927 1015 3005 vqrp
1023 2905 1061 3002 ad
1069 2905 1308 3003 manifestandam

172 2983 1307 3150 illuidleqiditiddailliailgddsiddmeoiidilliddinl'uiglleddddildloildinfqdeeiilmili

173 3141 331 3240 asserenda
350 3162 402 3202 sna
420 3143 537 3240 vilitate
547 3145 677 3207 Christus
695 3148 795 3224 tenuit,
812 3154 922 3210 notam.
952 3145 1026 3207 Nam
1043 3144 1080 3206 ad
1093 3163 1199 3206 annum
1209 3164 1308 3224 usqne

170 3225 349 3318 tricesimum
371 3223 457 3319 ,⁸¹.⁰¹¹¹¹
485 3243 530 3302 se,
559 3231 695 3306 tanquam
714 3229 842 3310 privatus
862 3229 1002 3309 quispiam
1020 3225 1123 3302 homo,
1152 3225 1307 3286 continuit.

172 3299 321 3382 Baptismo
340 3308 466 3363 initiatus
486 3305 522 3364 ad
542 3304 700 3368 obeundam
718 3308 894 3368 functionem
913 3326 995 3367 suam
1013 3305 1080 3366 inde
1093 3303 1227 3367 inllncem
1235 3325 1306 3386 pro·

171 3381 232 3442 dii'e
252 3382 357 3464 eoepit,
376 3389 407 3442 et
425 3383 521 3464 palam
540 3386 621 3446 claris
640 3385 817 3446 documentis
836 3380 939 3462 iacere,
959 3405 1097 3467 quorsum
1111 3383 1222 3446 aPatie
1235 3385 1306 3444 mis·
1398 3439 1399 3444 ,

170 3481 220 3522 sus
239 3460 323 3523 foret.
364 3459 431 3522 Nou
449 3464 553 3525 mirum
572 3485 649 3547 ergo,
669 3467 694 3526 si
711 3468 835 3549 primuni
856 3467 1007 3528 divinitatis
1026 3485 1095 3527 suae
1115 3466 1258 3547 specimen
1273 3465 1307 3525 iii
1398 3521 1399 3542 q

169 3549 285 3638 tempus
304 3541 376 3604 illud
395 3542 513 3604 distulit.
553 3545 688 3626 lilagnum
708 3547 830 3642 coniugii
849 3547 946 3624 decus,
965 3545 1043 3628 qnod
1062 3547 1102 3606 uu
1122 3546 1189 3607 tiele
1204 3545 1306 3632 coqvi-

170 3642 251 3716 vium
270 3643 330 3684 non
348 3623 436 3687 modo
447 3622 578 3684 Christus
598 3645 648 3685 sua
667 3635 825 3705 praesentia
844 3627 975 3708 dignatus
993 3633 1047 3702 eat,
1065 3647 1079 3688 s
1130 3628 1224 3708 primo
1239 3645 1257 3686 a
1273 3645 1306 3684 se

170 3701 247 3794 edito
267 3702 405 3796 miraculo
426 3705 546 3764 ornavit
570 3701 692 3764 Exstant
710 3708 815 3766 vetusti
834 3707 950 3786 quidam
960 3705 1101 3782 Oenones,
1121 3706 1226 3788 quibus
1246 3705 1306 3766 cle·

168 3797 220 3839 riei
240 3786 354 3874 nuptias
374 3782 452 3843 adire
470 3789 612 3844 vetantur.
642 3782 737 3844 Causa
755 3787 871 3848 vetandi
889 3787 953 3860 luit,
970 3807 1008 3848 ne
1022 3785 1307 3866 lasciviasquaeillio

169 3862 204 3916 nt
223 3857 380 3936 plurimum
399 3869 562 3941 grassantem
579 3863 742 3944 spectando,
762 3865 861 3926 caium
876 3867 1087 3948 quodammodo
1098 3865 1306 3948 approbatores
1398 3929 1399 3938 ¹

169 3942 273 3996 essent.
299 3935 345 4032 At
359 3957 429 4036 vesp
449 3941 533 4023 longe
551 3943 743 4022 praestitisset,
762 3951 874 4007 tantuin
892 3948 961 4008 illuc
980 3949 1125 4029 gravitatis
1144 3965 1243 4006 seeum
1262 3945 1304 4006 ai·

169 4015 253 4110 ferre,
273 4022 306 4076 ut
325 4015 466 4112 licentiam
485 4042 549 4084 com
569 4031 705 4098 secarent
725 4043 812 4106 quam
830 4027 883 4088 sibi
902 4029 931 4088 in
951 4027 1067 4088 latebris
1079 4026 1227 4108 indulgent
1237 4047 1304 4108 pro-
1398 4033 1399 4042 ’

169 4101 242 4155 torvi
262 4095 392 4157 hommes
412 4043 602 4195 aetdissoiiti.
642 4099 731 4166 Nobis
749 4123 820 4166 vero
839 4108 934 4189 potius
954 4105 1063 4168 Christi
1080 4107 1246 4188 exemplum
1266 4107 1306 4165 sit

168 4194 224 4314 pro
243 4173 319 4260 lege:
336 4195 393 4273 pec
411 4199 564 4260 quicquam
582 4189 716 4263 putamus
734 4185 832 4246 utilius
851 4205 914 4248 esse
931 4187 1020 4264 factu,
1040 4208 1128 4268 quain
1146 4187 1307 4268 quodcum
1398 4231 1399 4242 ι

180 4272 269 4349 ecisse
288 4256 315 4316 la
345 4277 417 4353 nius.
457 4263 669 4357 Manifestum
710 4267 833 4342 loriam,
862 4267 929 4348 quia
948 4275 1018 4328 tnnc
1037 4269 1145 4330 scilicet
1162 4266 1306 4340 memora-

169 4333 227 4394 bile
246 4341 276 4396 et
295 4356 451 4434 gononum
476 4360 619 4421 specimen
644 4343 688 4404 edi
709 4343 743 4420 ·t‚
771 4345 848 4406 unde
876 4345 967 4408 lilium
986 4347 1043 4409 Dei
1066 4367 1130 4409 esse
1150 4353 1305 4408 constaret

170 4411 369 4498 Quaecunque
397 4437 474 4483 enim
504 4421 640 4488 miscui
663 4423 786 4488 ostendit
808 4425 930 4506 mundo,
959 4429 1079 4494 totidem
1103 4428 1217 4490 divinae
1241 4427 1305 4488 eins
