2786 4866
175 195 215 274 93
580 169 903 292 mscrssrosr.

67 367 77 392 ,
176 324 285 396 sinam,
313 327 366 378 cur
388 309 496 377 residet
520 311 692 374 conniveant
715 307 753 372 ad
771 325 874 371 eorum
892 304 1179 400 mpruttauquu
1198 332 1311 383 mm

175 421 212 466 ac
230 400 365 461 deomum
384 395 480 460 omnia
498 388 615 456 volvere
633 395 797 454 conantum·
1109 405 1115 416 ¹
1235 415 1241 422 ·

257 480 305 542 36.
346 479 485 538 Surrexit
508 473 663 556 Theudae,
694 467 816 530 Silices
835 464 1109 554 habetur'loseplro,
1136 473 1188 538 hie
1212 497 1311 542 veram

176 559 314 624 historiae
332 557 435 617 seriem
453 555 571 614 invertit
590 549 739 614 Gamaliel.
779 544 884 622 Narrat
902 549 977 610 enirn
996 549 1043 614 ille
1058 551 1162 616 ludam
1173 556 1311 620 Gaulani.

179 649 254 716 tem,
284 657 322 698 cx
352 634 458 718 oppido
483 632 605 695 Gamala
628 639 740 706 ortum,
769 627 902 708 Quirinio
921 627 969 690 rel
987 629 1111 770 ‘opimio
1130 634 1314 700 proconsule

179 717 386 783 tumultuatum
406 733 468 774 esre
488 733 555 776 cum
573 713 646 788 suis,
665 731 703 772 ne
722 728 823 771 censis
842 715 982 790 ageretur:
1028 709 1150 776 heudam
1167 737 1240 780 vcro
1251 719 1313 780 Cu·

180 801 245 884 apio
263 795 342 858 Fado
361 795 550 865 Procuratore
569 813 600 854 se
619 791 779 853 venditasse
802 808 857 872 pro
877 786 931 849 Dei
949 785 1113 876 Propheta-q
1144 794 1238 858 Fadus
1258 818 1313 860 au.

180 887 241 942 tem
265 896 283 938 a
307 874 429 936 Claudio
454 873 576 934 Caesare
599 875 631 939 iu
654 869 788 935 Iudaeam
810 869 913 930 missus
937 865 1039 932 iuerat
1086 872 1169 936 Prior
1190 877 1315 940 ὶιίειοιὶιι

180 959 256 1023 libro
275 957 386 1018 decimo
405 960 509 1014 octavo
534 951 746 1033 Antiquitatum
770 950 904 1010 refertum
930 931 1022 1011 altera
1045 959 1145 1014 auten
1169 955 1316 1018 vicesimo.

181 1039 242 1103 Sed
260 1038 393 1100 existimo
413 1033 537 1108 Lucam,
565 1051 656 1113 quum
675 1031 757 1105 dicit,
783 1033 862 1094 Post
885 1031 959 1092 tuuc
977 1040 1095 1094 munit
1114 1035 1226 1112 Iudas,
1255 1057 1316 1098 nou

183 1126 284 1184 notare
307 1115 445 1196 temporis
473 1113 617 1188 ordinem,
647 1111 730 1192 quasi
758 1109 898 1249 posterior
924 1109 1023 1172 inerit:
1052 1113 1104 1174 sed
1134 1133 1228 1195 quum
1256 1117 1315 1178 duo

183 1186 317 1294 exempla
341 1194 445 1255 similia
467 1193 610 1274 proferret
633 1190 788 1264 Gamalie,
816 1203 875 1250 non
899 1187 993 1252 habito
1018 1195 1158 1274 temporis
1180 1204 1316 1278 respectu

182 1294 345 1364 promiscue
363 1275 483 1346 miscere
502 1274 605 1354 potuit
634 1269 677 1332 Ita
700 1285 736 1330 ue
754 1269 892 1351 particula
904 1279 974 1354 post
991 1273 1162 1334 tantundem
1180 1277 1261 1338 valet
1274 1283 1316 1336 at-

184 1379 242 1440 que
261 1356 394 1436 Insuper,
413 1351 460 1414 vel
479 1349 638 1414 Praeterea.
678 1291 788 1425 ὃοιιο,1
805 1367 841 1415 ue
860 1347 1061 1440 haeclquidem
1080 1355 1228 1436 exempla,
1247 1357 1315 1438 qui-

183 1439 239 1500 bus
258 1433 426 1496 senteutiam
444 1449 527 1492 auam
546 1431 696 1500 consumat
716 1427 863 1512 Gamaliel,
883 1433 1020 1510 praesenti
1038 1449 1139 1494 consae
1157 1435 1227 1494 saris
1241 1439 1315 1495 con'-

205 1519 299 1580 mmt
338 1509 500 1592 Namquia
519 1531 578 1572 nou
597 1512 695 1571 statim
714 1509 828 1571 obviam
846 1511 919 1570 itum
937 1517 983 1572 cst
1006 1509 1104 1586 Indae,
1132 1515 1231 1574 multis
1250 1513 1316 1574 cla-

184 1539 268 1656 dibus
288 1593 465 1653 occasionem
485 1591 563 1652 dedit
587 1590 688 1651 seditio
713 1589 749 1649 ab
774 1592 837 1676 ipso
861 1597 1007 1678 mota,¹et
1028 1591 1143 1652 taudem
1165 1613 1256 1653 manu
1282 1599 1319 1653 et

184 1675 271 1737 umis
290 1671 430 1733 cohibitus
450 1669 512 1731 luit
544 1665 684 1730 'Theudae
703 1671 789 1730 etiam
808 1661 892 1752 longe
911 1671 971 1752 plus
990 1673 1147 1746 nocuisset,
1175 1671 1234 1732 nisi
1253 1669 1318 1732 Cu'·

180 1751 926 1894 tttittlffittttttttttffittt
943 1749 1078 1892 {itii
1095 1758 1211 1894 Ἥ
1223 1753 1318 1892 iti·

185 1933 252 1989 nes,
270 1911 359 1993 idque
377 1871 439 1971 sieri
463 1911 539 1970 iusta
560 1907 618 1970 Dei
641 1849 986 1987 uindictaunaeterdm,
1016 1913 1084 1994 quia
1144 1923 1212 1972 eum
1241 1853 1318 1971 gete

188 1999 355 2054 monentem
372 1990 471 2052 sudus
489 1995 614 2052 manunt
630 1991 712 2072 impii
731 1990 906 2068 sacerdotes,
929 1991 1005 2070 digni
1025 1997 1092 2051 sunt
1113 2011 1188 2072 quos
1206 1990 1318 2052 frivolis

166 2071 344 2134 «rationibus
364 2069 569 2152 obstupefaciat
588 2061 676 2148 homo
696 2071 783 2130 strilta
802 2069 986 2154 perplexitate
1004 2071 1159 2155 indideris
1168 2071 1317 2132 rounam

185 2153 294 2225 Porro,
319 2157 539 2231 extemporum
559 2151 759 2231 supputatione
779 2151 911 2232 colligere
927 2149 993 2232 licet
1012 2150 1166 2232 duodecim
1179 2155 1217 2211 ‘ut
1236 2151 1318 2210 mini·

185 2252 267 2294 mum
287 2249 377 2290 annos
395 2229 513 2290 fluxisse
533 2248 550 2288 a
570 2237 663 2290 usone
684 2229 805 2306 Christi,
835 2219 983 2311 antequam
1007 2231 1145 2312 Apostoli
1168 2229 1317 2292 caedeca-
1382 2225 1383 2234 ’

187 2319 246 2372 tur.
285 2307 361 2370 Nam
380 2311 507 2390 quinque
526 2311 606 2368 annis
627 2311 677 2389 qui
695 2310 897 2378 resistenter
920 2309 1024 2370 'liberii
1048 2311 1090 2370 im
1127 2309 1316 2374 riowsuueudi
1382 2375 1383 2384 ἶ

186 2397 255 2452 sunt
273 2395 332 2450 tres
351 2395 382 2449 ct
400 2389 547 2462 dimidius,
572 2384 680 2468 ‘spritus
704 2392 833 2472 regnavit
857 2389 990 2474 Caligula.
1040 2389 1082 2451 Fa
1096 2408 1137 2466 ,us
1153 2389 1317 2450 sumus

186 2472 217 2530 in
236 2469 371 2530 iudaeam
389 2470 493 2528 missus
513 2475 556 2528 est
575 2489 635 2528 non
656 2468 722 2530 nate
742 2470 898 2530 secundini
917 2471 1106 2532 reltertium
1128 2473 1241 2566 imperii
1267 2489 1319 2530 an·

187 2569 266 2610 unm.
306 2546 380 2608 Rem
399 2554 507 2627 gestam
526 2557 732 2610 commemorat
751 2549 888 2611 Gamalicl
911 2571 966 2611 non
991 2549 1050 2612 dno
1070 2557 1121 2612 aut
1139 2549 1232 2614 altero
1252 2556 1321 2634 post

187 2629 240 2689 die.
280 2625 356 2706 Ergo
376 2625 526 2690 coniicitur
544 2627 617 2689 illud
635 2631 714 2709 quod
734 2629 792 2690 dixi
807 2631 1094 2712 ¹temporisspalium.
1136 2625 1211 2710 'Quo
1259 2649 1321 2690 rae·

186 2707 306 2766 stantior
324 2705 379 2764 init
397 2704 604 2786 Apostolorum
623 2711 791 2787 constantia,
811 2713 861 2791 qui
880 2730 968 2792 quum
986 2718 1052 2792 post
1070 2708 1221 2772 diuturnos
1236 2653 1322 2772 iiio

186 2805 233 2845 res
254 2783 347 2844 obitos
366 2789 425 2843 iam
444 2785 588 2865 indiguam
608 2791 767 2850 mercedem
787 2797 938 2872 reportent,
958 2811 1016 2856 non
1030 2799 1121 2852 umen
1129 2790 1321 2872 franguntur,

187 2881 283 2944 raeque
302 2863 435 2924 desinunt
453 2882 568 2925 cursum
588 2887 674 2928 suum
691 2873 833 2952 persequi.
1194 2883 1198 2890 '
1236 2882 1240 2894 “

267 2945 405 3026 Aliquem
423 2965 483 3005 esse
501 2967 673 3030 maguum„
704 2949 762 3010 Alli
783 2947 893 3011 codices
915 2949 1034 3026 habent,
1059 2949 1165 3010 Dicent
1190 2967 1224 3011 sc
1251 2968 1324 3011 csse

188 3022 327 3102 aliquem:
347 3023 449 3088 eodem
464 3031 564 3086 'umen
582 3047 677 3090 seusu.
715 3027 791 3090 Nam
810 3019 1023 3112 seProphetam
1040 3028 1168 3115 meabat,
1189 3029 1243 3112 qui
1258 3030 1324 3091 lor·
1381 3029 1382 3084 l

186 3101 347 3164 danem.ad
365 3103 558 3201 praebendum
577 3109 635 3167 suis
655 3112 805 3171 transitum
825 3111 930 3172 siccare
953 3117 1059 3194 posset.
1098 3109 1210 3207 lptcrea
1241 3111 1324 3172 vide-
1381 3101 1382 3148 l

184 3184 1026 3332 atriatur,iteratururuttrtt
1045 3191 1325 3332 accirer

185 3343 260 3423 ligat
279 3347 310 3403 et
328 3344 358 3435 in
378 3339 525 3404 meliorem
543 3353 654 3426 partem
680 3349 817 3411 inclinans
842 3353 872 3412 iu
895 3314 988 3414 medio
1013 3292 1163 3431 relinquit,
1193 3341 1238 3410 an¹
1255 3349 1324 3410 Deo

185 3429 303 3482 auctore
322 3439 438 3483 causam
457 3421 532 3484 hane
551 3430 732 3510 susceperint
771 3429 944 3492 Dubitanter
962 3439 1058 3492 tamon
1077 3431 1222 3511 loquitur,
1252 3433 1326 3510 quia

186 3501 382 3581 disquisitione
401 3501 534 3565 submota
557 3511 669 3568 tantum
694 3510 753 3569 otio
779 3511 911 3572 consulit.
959 3511 1025 3574 Hoc
1052 3517 1170 3574 tuntum
1198 3512 1227 3572 in
1256 3511 1325 3570 eius

185 3580 701 3742 qeffiopqusmpfflqqpssemqugm
722 3591 765 3648 ios
785 3591 915 3730 qeterrct·
927 3591 962 3686 ab
981 3588 1070 3686 irllpia
1088 3589 1326 3686 audaqiqf'quia

271 3823 326 3902 40.
372 3829 550 3905 Parueruut
571 3847 679 3910 autem
700 3841 761 3910 illir'
780 3855 812 3912 et
835 3868 935 3936 quum
957 3845 1165 3916 advocassent
1186 3824 1327 3937 'Apesas

179 3933 247 4019 los,
268 3939 368 4008 caesis
388 3956 618 4035 praeceperunt
632 3935 681 4016 'ne
701 3949 910 4042 loquerentur
937 3951 977 4018 iu
1004 3950 1138 4018 nomine
1166 3949 1257 4034 lesu,
1294 3961 1326 4020 et

184 4040 369 4119 dimiserunt
402 4069 468 4116 eos.
522 4045 577 4120 41.
610 4051 658 4120 llli
691 4077 780 4148 ergo,
793 4057 881 4148 ibaqt
900 4054 1082 4150 'gaudentes
1104 4081 1123 4124 a
1145 4068 1328 4149 conspectu
1380 4047 1381 4086 ¹

56 4226 61 4240 Ι
95 4144 121 4221 J
181 4143 320 4264 cunflffi,
343 4151 431 4238 quod
454 4152 539 4248 digri
561 4170 668 4228 essent
687 4159 801 4251 habiti,
831 4163 888 4255 qui
910 4187 969 4256 pro
993 4163 1217 4232 nomineeius
1237 4159 1329 4255 igno

180 4271 312 4320 mimam
332 4265 522 4343 paterentur.
549 4257 603 4332 42.
620 4263 663 4335 Et
683 4269 826 4359 quotidie
847 4270 881 4338 in
902 4269 1024 4362 ternplo
1047 4280 1080 4337 et
1102 4293 1162 4362 per
1183 4269 1329 4362 siugrrlas

177 4352 296 4424 domos
316 4379 384 4428 nou
405 4365 572 4438 cessabant
592 4370 706 4443 docere
730 4384 763 4444 et
784 4377 977 4447 annuntiare¹
993 4375 1099 4445 lesum
1122 4371 1306 4458 Christum.
