2786 4870
187 241 237 291 rm
499 208 686 291 teutoni
704 221 983 290 numentum
993 225 999 270 ἶ

185 358 284 450 ipsius
304 355 436 426 lectione
454 362 562 445 petere
583 355 679 423 setius
700 365 763 440 eet,
784 353 872 447 quod
892 356 1015 448 proprie
1035 359 1172 428 terrenis
1193 361 1305 451 prinei

185 462 278 555 pibus
290 483 328 530 ec
342 460 494 552 primario
507 479 675 552 regnorum
690 463 876 554 cogentium
888 461 1017 530 ducibm
1028 465 1186 549 convenit,
1201 487 1305 534 uuum

186 569 348 659 attingam:
368 587 483 656 nempe
505 587 604 656 quum
625 561 795 636 reluctante
815 567 912 636 totius
934 568 1045 636 mundi
1062 571 1214 660 potentio,
1237 595 1307 640 orn·

186 675 293 756 nibus,
320 671 374 762 qui
394 665 477 739 tunc·
491 691 595 742 rerum
615 672 812 764 potiebantur
833 674 873 740 ad
893 673 1144 766 opprimendum¹
1156 675 1306 770 Euange-

186 779 277 861 lium,
309 777 433 844 armetis
453 775 543 868 pauci
565 779 709 847 homines
733 779 870 862 obscuri,
887 781 1040 848 ⁴inermes
1062 789 1095 847 et
1114 785 1303 874 contempti,

187 885 257 955 solo
278 882 415 951 veritatis
437 893 469 950 et
490 877 624 972 Spiritus
645 884 800 976 praesidio
823 884 891 951 ireti
911 887 944 952 in
967 887 1167 976 propaganda
1186 886 1305 954 Christi
1349 899 1354 916 “

187 992 248 1059 tide
268 1000 332 1057 tam
354 999 478 1060 streone
499 987 718 1070 laboraverint,
750 989 827 1056 nihil
854 990 1024 1082 refugerint
1052 989 1169 1058 laboris
1185 991 1306 1058 ‚cnut

188 1096 378 1178 acriminum,
399 1103 507 1162 contra
529 1117 640 1164 omnes
660 1119 781 1187 pugnas
803 1095 944 1164 steterint
964 1095 1096 1177 intranti,
1118 1096 1306 1164 donec-tan

188 1203 261 1272 dem
282 1202 414 1270 victores
436 1211 637 1292 emergerent,
658 1201 734 1268 nihil
755 1212 872 1270 restare
892 1200 1102 1270 excusationis
1118 1199 1307 1270 Christianis

188 1306 380 1401 proceribus,
412 1306 467 1396 qui
490 1307 636 1398 dignitate
657 1305 759 1398 eliqua
781 1306 953 1388 excellunt,
985 1305 1110 1397 maudo
1133 1329 1191 1376 eos
1213 1305 1308 1376 Deru

188 1415 227 1481 nd
250 1412 400 1484 tuendum
420 1409 490 1478 ttttt
512 1413 560 1478 sui
581 1433 710 1504 regnum
732 1411 833 1504 gladio
855 1411 1016 1490 instruxit,
1043 1411 1103 1478 niei
1123 1411 1164 1479 ad
1186 1413 1311 1480 obeun-

189 1519 265 1584 dum
287 1527 351 1584 tam
373 1517 579 1585 honorificum
608 1539 722 1588 munus
750 1541 850 1608 oeque
878 1515 989 1584 saltem
1015 1516 1148 1584 animosi
1176 1516 1240 1584 sint
1267 1540 1308 1583 sc

189 1632 378 1691 coustmtes.
423 1623 531 1690 Porro
548 1642 644 1712 quam
670 1621 770 1691 iidelis
797 1645 835 1690 ac
861 1622 971 1689 dexter
999 1621 1110 1690 luerim
1143 1622 1310 1712 interpres,

188 1729 365 1820 praedicere
385 1751 450 1820 non
473 1739 522 1796 est
542 1749 661 1798 meum.
704 1727 797 1798 Certe
817 1729 997 1796 fructuosus
1019 1725 1053 1793 in
1070 1749 1252 1810 commuue,
1272 1738 1308 1796 m

189 1855 293 1926 spero,
314 1835 372 1904 erit
392 1833 489 1904 lotor.
514 1828 567 1901 'lu
587 1855 673 1916 vero,
690 1831 901 1902 illustrissime
916 1831 1077 1924 Princeps,
1098 1832 1176 1898 milri
1192 1833 1303 1900 iterum

187 1939 343 2030 regendus
364 1961 399 2006 cs
421 1949 515 2034 etque
537 1939 629 2008 etiam
652 1939 875 2024 obsecruudus,
900 1950 939 2006 nt
962 1948 995 2006 et
1023 1939 1170 2030 privatim
1193 1937 1305 2004 ebron

183 2045 319 2135 imperio
340 2055 443 2114 totum
453 2045 501 2113 Te
522 2045 654 2129 eddicae,
676 2043 942 2137 quemadmodum
957 2044 1079 2134 pridem
1096 2043 1226 2112 ielire'ter
1240 2065 1309 2111 coe·

186 2149 269 2242 pisti,
290 2160 323 2218 et
343 2144 391 2221 to't
412 2149 568 2219 nobilibus
588 2151 671 2235 uiris,
693 2173 774 2244 qnos
795 2161 827 2219 et
849 2150 971 2243 generis
992 2149 1139 2240 splendor
1159 2159 1193 2217 et
1210 2149 1308 2216 vntu-

187 2266 256 2324 tum
278 2256 462 2346 praestantia
483 2258 690 2341 commendat,
711 2257 744 2323 in
764 2256 981 2348 promovendo
992 2253 1106 2322 Christi
1119 2253 1308 2346 reguotide-

187 2359 225 2427 lis
248 2359 290 2427 sis
312 2371 405 2450 atque
426 2361 604 2430 indefessus
624 2383 690 2430 non
711 2363 808 2430 modo
830 2361 961 2445 odiutor,
976 2361 1039 2428 ‘sed
1060 2360 1152 2428 etiam
1167 2359 1309 2452 signiter.
1379 2379 1380 2393 ¹

187 2464 342 2556 Singulari
369 2465 499 2534 honoris
521 2467 688 2559 privilegio
713 2467 802 2538 Deus
827 2486 958 2559 regnum
987 2465 1137 2534 Poloniae
1164 2464 1311 2557 dignum

188 2582 250 2652 est,
272 2577 309 2636 nt
329 2571 496 2640 nobilitatis
517 2573 628 2641 melior
649 2594 721 2664 pare
740 2571 846 2666 impiis
868 2572 1150 2668 superstitionibus,
1164 2593 1248 2662 qnae
1261 2579 1308 2636 to-
1378 2615 1379 2665 ,

187 2675 284 2741 tidem
301 2676 496 2744 emt-cuitus
512 2677 572 2745 Dei
588 2679 779 2770 corruptelae
796 2678 1085 2770 etttnqurammu,
1100 2675 1204 2744 volere
1214 2674 1309 2742 iuse'e

188 2777 355 2868 legitimam
372 2781 493 2868 pietatis
508 2781 641 2849 formem
659 2795 690 2851 et
704 2785 762 2852 rite
773 2785 982 2874 compositum
994 2781 1154 2852 Ecclesiae
1166 2781 1309 2848 ordinem

188 2903 253 2948 ono
272 2895 432 2980 consensu
454 2899 623 2978 appeteret
650 2889 756 2980 Atque
777 2891 826 2956 his
845 2911 912 2959 non
929 2911 1045 2980 parum
1067 2887 1164 2955 luisse
1186 2887 1219 2951 iu
1236 2883 1308 2951 'lire
1377 2867 1378 2935 l

189 2987 368 3059 auctoritate
390 2991 536 3080 praesidii
564 2994 639 3061 satis
667 3005 779 3060 notum
807 3003 863 3061 est.
918 2993 983 3061 Sed
1006 2993 1078 3060 'lilii
1099 3003 1132 3060 et
1152 2991 1213 3060 illis
1233 2989 1309 3081 plus

187 3099 283 3187 restat
305 3096 519 3180 certaminum,
542 3121 639 3189 quam
653 3109 690 3164 ut
706 3099 772 3166 otio
790 3110 822 3167 ct
838 3099 935 3190 quieti
952 3099 1040 3190 qrrosi
1055 3097 1176 3166 emeriti
1193 3095 1309 3162 milites
1376 3139 1377 3207 q

187 3197 380 3288 indulgeatis.
402 3195 553 3285 Primum,
575 3215 611 3284 ut
626 3227 722 3271 nemo
740 3215 905 3271 extraneus
921 3205 1021 3272 hostie
1031 3203 1206 3273 molestiam
1217 3199 1310 3268 robis

188 3302 346 3384 exhibeat,
373 3307 446 3378 satis
475 3328 634 3400 superque
662 3309 811 3376 adversus
832 3309 912 3376 mela
933 3309 1078 3377 intestina
1100 3307 1159 3376 erit
1179 3306 1309 3396 negotii.
1375 3377 1376 3390 ,

187 3400 253 3472 lam
276 3408 349 3476 cetis
372 3412 506 3501 experti,
529 3430 624 3501 qnam
646 3411 738 3481 variis
761 3414 877 3480 ortibus
898 3414 1066 3484 instructus
1088 3415 1127 3480 sit
1148 3411 1243 3479 Satan
1267 3411 1309 3478 od
1375 3395 1376 3479 l

188 3512 314 3584 insidiae
335 3517 504 3597 struendas,
520 3529 592 3606 'quo
614 3517 814 3586 labefactetur
834 3520 1043 3587 soncm'inter
1057 3519 1167 3598 iratres
1181 3539 1311 3586 cuncor-

187 3617 247 3698 dio,
269 3617 300 3685 in
322 3641 383 3707 qna
406 3621 547 3690 consistit
568 3619 731 3690 Ecclesiae·
746 3622 841 3691 salus.
891 3623 1052 3715 Contingit
1078 3623 1194 3692 scilicet
1221 3623 1310 3712 apud
1374 3665 1375 3708 ,

187 3743 247 3790 voe
269 3722 355 3812 quod
380 3725 497 3819 ubique
524 3725 620 3808 solet,
646 3737 683 3793 ut
709 3727 802 3798 rebus
827 3729 1043 3822 incompositio
1070 3753 1140 3798 sese
1167 3727 1310 3818 ingerant
1374 3709 1375 3751 ¹

190 3825 542 3912 nominenturbulenti,
563 3833 633 3921 qui,
655 3833 730 3901 dum
751 3835 860 3904 vident
880 3856 999 3926 paucos
1021 3843 1052 3902 et
1075 3833 1203 3925 quidem
1224 3833 1310 3899 debi

188 3929 236 3994 les
258 3931 296 4002 ab
317 3931 469 4003 immense
491 3935 689 4004 multitudine
710 3941 818 4007 uexari
842 3949 875 4016 et
897 3939 1069 4016 veritatem,
1090 3963 1173 4029 quoe
1194 3938 1309 4006 cresse
1373 3971 1374 4023 q

189 4032 411 4102 columniamm
432 4039 556 4108 nebulis
579 4039 733 4126 obruitur,
755 4067 846 4134 aegre
867 4045 906 4110 ab
928 4045 1004 4134 ipsis
1026 4045 1165 4126 delendi,
1187 4041 1311 4110 facilins

189 4135 278 4224 qnasi
306 4159 363 4225 per
388 4141 549 4212 cuniculos
585 4141 748 4236 obrepunt.
804 4149 873 4217 llec
899 4171 977 4218 vero
999 4151 1115 4216 aarum
1149 4148 1312 4217 Ecclesiae

188 4238 310 4322 ruinam
331 4241 457 4312 molitur
473 4248 525 4316 illo
537 4249 684 4334 ,trundum
702 4254 842 4322 omnium
859 4251 986 4338 artilex,
1008 4277 1073 4321 non
1090 4263 1214 4322 tontum
1229 4253 1313 4322 suto
1372 4225 1373 4293 l

193 4343 296 4413 dendo
317 4365 353 4413 eo
372 4343 541 4417 lacerando
563 4354 634 4432 fidei
661 4355 825 4444 unitatem,
857 4359 914 4430 sed
940 4379 1059 4428 nomen
1088 4358 1205 4436 Christi
1232 4357 1314 4428 tulsa
