2804 4850
576 233 704 298 CAPUT
721 235 802 306 XIV.
859 217 864 232 ’
1178 254 1239 318 275

106 348 249 446 smirnam
277 347 375 444 qum
394 316 468 409 dicit
485 331 598 444 omium
616 354 660 414 ud
675 335 886 452 uaeqpstmdit,
905 360 1050 453 monsedo
1069 363 1098 425 ia
1116 365 1176 426 suis
1188 364 1236 428 ha·

108 430 188 492 hrtet
204 436 287 510 atque
305 427 425 508 rmpleat
445 447 554 492 omma:
572 450 675 514 nempe
694 431 817 514 Spmtus
835 455 880 496 sur
899 443 1013 500 virtute
1053 439 1133 504 Unde
1151 446 1238 510 etiam

110 515 232 582 consul,
248 505 377 590 Spiritus
396 509 519 592 gratiam
538 509 647 592 insigne
664 531 726 574 esse
746 511 898 574 di'vinitatis
917 517 979 577 eius
998 521 1198 585 testimonium.

200 620 251 686 19.
284 617 402 687 Adhuc
422 619 602 712 paululum,
629 633 660 691 et
680 625 819 693 mundus
839 650 892 694 me
914 649 981 696 uon
1002 629 1136 722 amplius
1157 635 1237 705 ride-
1279 695 1287 712 ,
1391 633 1393 648 ⁴

105 725 170 793 tte
202 748 265 794 vus
293 737 403 795 autem
429 725 541 794 videtis
567 751 637 796 mer
664 729 744 821 quia
773 754 834 824 ego
860 731 951 818 vivo,
984 745 1016 804 et
1037 759 1097 804 vos
1118 738 1237 810 vivetis.
1266 811 1296 838 ,ι

104 833 166 899 20.
197 829 235 900 ln
257 831 312 899 illa
334 831 384 901 die
404 835 612 924 cognoscetis,
644 835 731 928 quod
753 859 812 928 ego
833 835 868 904 iu
888 835 981 908 Patre
1003 864 1093 926 meo,
1126 855 1158 914 et
1178 869 1238 916 vos

106 937 145 1006 'ru
167 961 233 1020 me,
254 946 289 1006 et
309 961 367 1030 ego
387 937 418 1005 iu
441 937 542 1008 vohis.
1177 949 1179 958 ’

198 1059 248 1120 19.
270 1058 375 1118 Aeliae
389 1059 552 1137 pastilam
591 1055 778 1140 Prosequitur
796 1061 1068 1124 commendationem
1086 1069 1236 1148 peculiaris

168 1137 233 1210 tiae,
256 1155 328 1216 quae
346 1135 488 1217 discipulis
505 1137 542 1197 ad
560 1135 720 1210 levandum,
743 1140 802 1197 imo
826 1139 982 1202 tollendum
1001 1163 1159 1210 moerorem
1178 1149 1249 1210 sul„

220 1213 343 1276 debehat.
382 1213 484 1294 Quum
510 1215 680 1308 subduplus,
708 1218 815 1297 iuquit,
844 1238 893 1280 erc
917 1223 1053 1283 emundi
1072 1235 1234 1307 sempecta,
1260 1267 1264 1279 ι

114 1294 196 1354 vohis
223 1293 403 1356 nihilomiuus
433 1295 527 1356 adero.
573 1294 724 1356 Caeterum
747 1304 780 1356 ut
804 1296 860 1358 hoo
884 1319 987 1360 anenno
1007 1301 1112 1366 Christi
1129 1307 1235 1370 iutuitu

111 1374 246 1450 duamur,
265 1385 329 1434 uun'
344 1374 518 1436 aestimanda
537 1382 581 1436 est
599 1375 690 1456 carnis
709 1394 794 1437 sensu
812 1382 970 1458 praeeuntia
988 1383 1050 1442 eius
1069 1385 1116 1445 vel
1135 1385 1232 1448 ahsen-

108 1455 158 1528 tia,
177 1453 226 1515 sed
243 1453 312 1516 fidei
332 1449 423 1514 oculis
442 1453 479 1514 ad
498 1453 719 1535 perspiciendam
737 1455 798 1516 eius
817 1457 951 1520 virtutem
968 1461 1091 1524 intentos
1105 1484 1167 1526 esse
1179 1486 1233 1528 uos

107 1533 198 1630 daupi:
247 1533 290 1594 lta
320 1531 354 1594 lit
377 1541 411 1594 ut
430 1531 577 1630 Christum
596 1533 905 1633 Spiritu'praesentem
928 1559 1040 1620 semper
1062 1541 1232 1608 habeantet

106 1613 577 1779 ttttttlttptfflltli
593 1633 712 1754 ttllt
729 1615 955 1762 tlttldt
973 1625 1232 1778 ,territt

108 1771 295 1832 confirmatio
311 1773 361 1848 sit,
387 1773 433 1832 vel
454 1779 487 1833 ut
506 1792 633 1834 seorsum
651 1773 774 1868 leqatur,
802 1773 866 1834 idco
885 1777 1010 1838 victrrros
1028 1777 1140 1856 fideles,
1165 1784 1231 1864 quia

111 1851 189 1910 vivit
207 1849 342 1912 Christus
380 1850 508 1912 Priorem
532 1871 647 1913 sensum
670 1853 789 1912 hheuter
807 1853 973 1936 amplector,
1002 1877 1039 1917 ex
1058 1879 1117 1940 quo
1135 1867 1232 1924 tamen

111 1929 227 1990 elicitur
244 1930 315 1992 haec
332 1931 416 1992 altera
435 1932 572 2007 doctrina,
593 1933 679 1993 vitam
689 1931 796 1993 Christi
813 1939 927 1995 uestrae
946 1954 1059 1996 caumm
1078 1957 1148 1998 esse.
1177 1939 1231 1998 lut·
1287 1933 1291 1944 ’

110 2011 156 2070 tio
176 2029 289 2070 eausam
307 2009 469 2072 dhcmminis
488 2018 578 2086 notat,
597 2032 649 2072 cur
667 2011 805 2072 videndus
824 2014 860 2072 sit
880 2031 896 2072 a
915 2016 982 2090 suis,
1001 2035 1060 2074 uon
1079 2017 1231 2078 emundor

109 2090 181 2170 qnia
201 2090 289 2150 rideri
307 2097 426 2170 nequeat
445 2089 575 2151 Christus
594 2091 648 2152 uisi
667 2091 823 2151 seeundum
845 2091 932 2151 vitam
954 2093 1144 2172 spiritualem,
1174 2110 1232 2180 qua

106 2169 235 2230 mrmdus
265 2169 378 2230 orbatus
406 2177 458 2233 est.
502 2169 567 2231 Non
591 2161 668 2231 ‘videt
688 2169 834 2230 Christum
857 2169 994 2244 muudus,
1023 2171 1094 2231 nihil
1116 2175 1232 2236 mirum:
1305 2179 1311 2184 '

104 2269 187 2312 mors
206 2251 281 2310 euim
300 2252 443 2310 meritatis
462 2269 547 2310 causa
565 2257 618 2310 est.
667 2247 777 2310 Verum
796 2249 914 2309 simulne
933 2251 1034 2332 spiritu
1053 2253 1149 2312 vivere
1169 2255 1232 2336 quis

105 2329 320 2411 coepitsourlis
338 2331 424 2390 etium
443 2329 479 2390 ad
498 2329 643 2390 Christum
662 2329 817 2390 videndum
836 2329 979 2410 praeditus
998 2337 1050 2390 est
1099 2329 1164 2392 Hoc
1182 2353 1231 2394 au·

106 2415 169 2469 tem
187 2407 252 2469 ideo
271 2408 313 2485 fit,
333 2409 398 2489 quia
417 2429 483 2469 enm
494 2407 600 2490 Christi
617 2411 676 2468 vita
695 2409 781 2469 etiarn
799 2416 896 2470 nostra
916 2410 1064 2470 coniuncta
1074 2417 1126 2486 est,
1145 2418 1233 2494 atquc

110 2507 151 2548 ex
169 2507 203 2547 ea
221 2507 281 2548 uon
300 2507 379 2548 secus
397 2495 483 2584 atque
502 2508 540 2549 ex
554 2488 632 2549 toute
646 2495 812 2548 suornanot.
835 2487 1170 2552 ltlortuienirusumusiu
1181 2513 1230 2552 uo-

109 2564 156 2627 his
175 2573 205 2627 et
222 2567 289 2644 rita,
309 2587 365 2648 qua
382 2567 462 2628 nohrs
482 2567 650 2643 blandimur,
669 2587 747 2628 mors
766 2569 887 2650 pessima
906 2576 958 2630 est.
991 2567 1067 2652 Ergo
1087 2591 1176 2652 quum
1195 2572 1232 2634 dc

109 2645 288 2730 adipiscenda
307 2649 364 2708 rita
383 2649 485 2729 agitur,
503 2645 631 2738 qarteudi
650 2635 765 2710 suntin
785 2647 931 2710 Christum
951 2649 1027 2709 oculi
1045 2657 1075 2710 et
1093 2653 1151 2712 vita
1170 2653 1231 2714 eius

106 2725 165 2786 fide
183 2727 219 2786 ad
239 2747 291 2787 nos
309 2727 511 2803 transferenda,
530 2734 563 2786 ut
577 2723 1112 2802 certostatuantconseieutiaeuustrac,
1132 2751 1230 2812 quarn·

105 2805 156 2865 diu
177 2807 246 2868 vivit
258 2805 399 2883 Clu-istus,
419 2825 510 2872 noso
528 2807 654 2888 perierrlo
673 2807 801 2868 interitus
815 2815 972 2870 mactatos.
998 2795 1231 2874 Statonimistud
1299 2799 1302 2812 ⁵

105 2884 207 2960 fixum,
226 2887 337 2948 nudam
356 2887 419 2948 fore
438 2888 498 2948 eius
517 2888 606 2946 vitam
626 2887 759 2948 memhris
777 2889 905 2950 mortuis.

184 2969 234 3030 20.
253 2970 294 3028 ln
313 2968 366 3028 illu
385 2969 440 3028 dte.
470 2964 553 3026 Multi
573 2967 608 3026 ad
628 2968 701 3028 diem
715 2967 1047 3030 Pentecosten-reseruata
1066 2969 1116 3032 sed
1136 2971 1231 3052 potius

26 3053 38 3070 ·
104 3050 224 3108 uotatm
241 3047 394 3106 continuus
412 3053 548 3126 tauquam
566 3048 649 3107 unius
669 3047 723 3108 dici
738 3055 829 3122 tenor,
848 3068 885 3108 ex
896 3069 954 3127 qun
964 3049 1099 3108 virtutem
1108 3048 1230 3130 Spiritus

104 3125 153 3186 sui
174 3127 299 3185 meruit
308 3123 436 3186 Christus
456 3145 546 3206 usquc
565 3125 602 3186 ad
620 3127 854 3186 resurrectionem
873 3127 1009 3221 ultimam.
1034 3126 1229 3222 lumtpuocc·

133 3213 426 3367 „maffridi
443 3205 579 3366 {titt
593 3203 1058 3363 ttritllttptlttlttl
1073 3225 1231 3346 tlttt

107 3361 247 3438 tendunt,
270 3383 330 3424 uon
347 3384 427 3446 posse
446 3366 536 3424 otiosa
556 3363 748 3445 speculatione
766 3362 911 3444 cognosci,
935 3363 1026 3442 qualis
1045 3363 1082 3423 sit
1101 3381 1181 3424 saera
1201 3370 1231 3424 et

104 3443 233 3522 mystica
251 3443 326 3503 inter
342 3463 393 3503 nos
411 3450 443 3504 et
456 3445 638 3526 ipsnnruuio,
659 3443 749 3522 qualis
758 3461 870 3502 rursum
879 3442 1053 3524 interipsum
1063 3449 1092 3501 et
1101 3439 1230 3500 Patrem:

103 3521 158 3582 sed
175 3521 255 3582 huuc
274 3531 363 3582 unum
382 3524 442 3583 sius
461 3522 619 3584 noscendae
638 3521 754 3581 modum
773 3540 848 3596 esse,
872 3541 962 3600 quum
980 3521 1068 3580 vitam
1087 3539 1168 3582 suam
1180 3521 1231 3578 'ar-

105 3621 177 3664 cana
195 3600 321 3684 Spiritus
340 3601 465 3664 efficacia
482 3603 513 3664 iu
532 3621 585 3662 nos
605 3601 743 3662 diffundit
769 3599 865 3680 Atque
885 3599 954 3660 illud
973 3607 1017 3659 est
1036 3599 1101 3660 fidei
1120 3598 1230 3681 experi-

105 3687 249 3756 mentum,
278 3683 361 3744 euius
384 3682 471 3763 paulo
496 3689 561 3742 ante
583 3681 707 3742 memini.
788 3681 958 3742 nudantem
978 3679 1230 3739 climuhusisuut

106 3761 167 3820 hoe
183 3761 344 3822 mtimouio
363 3761 476 3838 Ariani,
501 3769 534 3821 ut
554 3759 699 3822 Christum
717 3782 770 3844 pro
789 3767 870 3823 arent
887 3760 1100 3841 participatione
1120 3765 1229 3818 tanturn
1297 3779 1300 3786 ’

106 3845 141 3898 et
159 3841 244 3920 gretia
261 3837 361 3902 Deum
385 3861 467 3916 esse,
489 3841 570 3902 lacile
590 3841 707 3902 diluitur
725 3861 825 3902 eorum
844 3837 985 3901 cavillum.
1035 3836 1135 3919 Neque
1153 3839 1228 3898 enim

107 3916 239 3980 Christus
257 3920 293 3982 de
311 3927 427 3982 aeterua
445 3940 496 3990 ana
510 3922 630 3982 aarum
649 3921 812 4002 simpliciter
821 3919 939 3993 disserit,
958 3919 1007 3981 sed
1018 3915 1227 3978 divinmillam

104 3999 255 4075 virtum,
283 4019 360 4082 quae
383 4001 414 4062 iu
437 4019 471 4062 eo
491 3999 545 4060 fuit
563 3999 932 4082 patefactasoommendat.
982 3995 1228 4076 Quemadmodum

102 4080 181 4142 errius
200 4077 287 4141 Pater
306 4099 422 4142 omnem
440 4079 581 4145 bonorum
599 4080 802 4162 plenitudinem
821 4081 855 4140 iu
869 4077 941 4138 Filio
960 4073 1103 4160 deposuit,
1124 4082 1166 4140 ita
1186 4081 1243 4151 ri„
1266 4130 1271 4142 .

100 4160 199 4222 asum
218 4179 251 4220 se
262 4165 364 4222 'totum
382 4162 412 4221 iu
430 4181 483 4222 uos
501 4159 600 4221 effudit
617 4159 714 4220 Filius.
742 4157 874 4220 Dicimur
885 4167 924 4226 ,in
942 4165 1006 4239 ipso
1025 4181 1094 4236 esec,
1113 4161 1179 4241 quia
1197 4159 1227 4218 iu
1287 4159 1290 4178 '

101 4241 165 4302 eius
189 4259 297 4320 eorpus
320 4241 397 4300 insiti
421 4241 541 4301 iustitiae
558 4239 756 4319 bonorumque
773 4239 835 4300 eius
853 4239 979 4300 omnium
998 4259 1095 4300 sumus
1114 4257 1227 4300 consor·

102 4325 155 4380 tes
196 4318 264 4401 lpas
282 4320 314 4379 in
331 4319 413 4380 nohis
432 4336 493 4380 esse
512 4319 626 4395 dicitur,
655 4320 722 4400 quia
740 4316 863 4406 Spiritus
882 4319 926 4378 sui
944 4317 1068 4380 efficacia
1088 4319 1162 4380 claro
1181 4315 1227 4374 ds-
1358 4413 1361 4421 Δ

100 4405 255 4476 monstrat,
275 4418 307 4460 se
326 4398 409 4461 nobis
428 4419 490 4461 esse
508 4399 584 4461 vitae
603 4405 747 4462 sudorem
766 4403 795 4486 et
814 4415 936 4490 causam.
958 4455 1020 4541 18..
1049 4449 1056 4476 ,
