2716 4856
471 224 599 290 CAPUT
616 223 709 287 xvii
726 286 731 292 .

301 559 830 650 ,CAPUTXVIL
984 638 989 650 ,

112 835 274 925 ’1.(ὶιιιιιτιΙ
300 843 404 936 autpm
431 833 491 900 iter
520 833 662 902 fecissent
688 857 745 924 per
766 831 967 926 Amphipolin
990 843 1022 901 et
1043 833 1139 924 Apol·

35 939 159 1020 lonium,
185 950 336 1022 venerunt
356 937 625 1034 'thessalonicem
653 939 706 1006 uhi
728 949 797 1026 ¹ernt
817 938 982 1030 Synngoga
1009 935 1139 1008 ludaeo-

33 1069 110 1110 nnn.
137 1047 167 1113 P.
182 1045 362 1112 Secundum
383 1043 641 1112 consuetudinem
662 1054 767 1110 autem
789 1065 880 1111 suam
900 1027 1138 1115 Paulns'introi-

31 1149 76 1215 vit
106 1151 143 1216 nd
165 1172 235 1231 eos,
271 1160 302 1216 et
333 1173 390 1240 prr
410 1149 543 1215 Sabbata
578 1148 633 1214 tria
667 1149 833 1217 disserebat
855 1149 899 1216 eis
922 1173 940 1216 e
961 1147 1139 1239 Scripturis,

31 1255 60 1322 3.
83 1253 268 1344 hdnperiens
294 1265 326 1327 et
351 1253 501 1346 allegans,
534 1253 619 1344 quod
642 1251 800 1324 Christum
828 1255 1000 1346 oportuerit
1020 1253 1084 1351 pah'
1106 1260 1138 1322 et

28 1383 181 1451 resurgere
204 1383 222 1430 a
244 1359 390 1428 mortuis:
419 1371 451 1428 et
472 1361 557 1450 quod
578 1359 629 1428 hie
650 1360 690 1426 sit
705 1358 858 1441 Christus,
879 1351 982 1443 Quem
1005 1383 1074 1451 ego,
1094 1361 1139 1428 ius

27 1464 100 1552 quit,
122 1465 272 1530 annunlio
293 1465 392 1531 vobis.
418 1459 450 1530 4.
462 1463 504 1531 Et
525 1464 650 1556 quidam
673 1487 713 1532 ex
736 1464 780 1532 eis
802 1465 1007 1548 crediderunt,
1029 1475 1061 1532 et
1083 1465 1137 1532 ad·

27 1567 117 1634 iuneti
143 1579 220 1636 sunt
240 1567 338 1636 Paulo
360 1579 392 1636 et
413 1567 512 1651 Silae,
538 1579 570 1636 et
590 1567 804 1660 religiosorum
826 1571 1015 1640 Graecorum
1037 1551 1148 1638 mutu-⁶

27 1673 101 1740 tudo
122 1697 249 1766 magna,
271 1673 480 1764 mulieresque
501 1675 663 1764 primariae
684 1698 749 1742 non
770 1697 895 1764 paneae.
1171 1675 1172 1681 ’

99 1847 126 1906 l.
154 1847 302 1904 Venerunt
316 1845 558 1904 Thessalonicen.
579 1843 640 1904 Cur
652 1841 817 1924 Amphipoli
835 1849 863 1902 et
878 1841 1044 1924 Apolnnine,
1063 1863 1137 1925 qnae

26 1927 112 1982 temen
132 1930 214 1984 erent
234 1922 317 1982 urbes
336 1941 393 1982 non
412 1923 556 1994 obscurae,
576 1925 657 1982 aienti
676 1941 713 1982 ex
730 1921 822 1982 Plinio
839 1929 964 1995 constat,
985 1922 1054 1982 nihil
1074 1931 1136 1984 ten·

26 2005 86 2060 tnrit
109 1999 218 2062 Paulos
247 2002 382 2060 insertum
411 2001 491 2060 nohis
516 2007 572 2061 est:
601 2003 655 2060 nisi
674 2000 751 2082 quod
769 1999 826 2058 Dei
843 2001 980 2080 Spiritum
1000 2008 1136 2080 sequutus

26 2087 61 2139 est
80 2081 197 2154 donem,
216 2086 302 2160 atqua
320 2099 357 2139 es
375 2099 406 2140 re
425 2082 510 2140 etiam
528 2081 675 2162 promenti,
695 2085 780 2160 prout
799 2097 830 2138 aa
849 2081 958 2138 omnnio
978 2077 1074 2150 dabat,
1093 2079 1134 2138 lo·

26 2161 121 2238 prendi
152 2160 200 2218 vel
225 2159 335 2218 tacendi
359 2160 506 2219 eonsilium
530 2161 616 2239 oepit:
646 2165 675 2218 et
700 2159 773 2218 forte
796 2159 916 2218 tentavit
940 2159 997 2216 illia
1020 2175 1135 2240 qnoque

26 2240 168 2316 prodesse,
191 2238 240 2298 sed
265 2239 331 2316 quin
354 2239 432 2296 nullo
451 2238 588 2317 prolecto,
607 2238 670 2298 ideo
688 2241 797 2296 tanetus·
814 2255 832 2296 a
851 2233 937 2296 iruna.
977 2235 1064 2313 Quod
1083 2255 1132 2296 au-

25 2337 72 2376 em
95 2317 236 2397 Philippis
260 2335 356 2375 caesus
376 2323 405 2374 et
424 2318 473 2374 vix
492 2318 602 2396 elapsus
621 2336 638 2376 e
657 2335 759 2396 magno
778 2315 901 2396 periculo
921 2315 1134 2376 Thessalonioaa

25 2395 166 2456 Jhristum
191 2395 346 2474 praedicnt,
369 2394 433 2452 inde
456 2402 573 2476 nppnrot
591 2415 677 2476 quam
695 2396 814 2455 inlreoto
833 2395 918 2454 luerit
935 2393 1020 2454 'eorde
1039 2393 1074 2452 nd
1093 2401 1134 2452 te·

25 2475 144 2534 tendum
168 2474 322 2532 vocationis
346 2491 413 2532 snae
432 2491 558 2549 norsum,
577 2483 606 2535 et
625 2494 709 2556 quarn
729 2474 882 2553 intrepidus
900 2474 983 2534 inerit
1002 2473 1039 2532 nd
1056 2491 1135 2534 nove

27 2553 137 2612 obinde
162 2551 286 2632 periouln
310 2550 447 2612 obeunda.
485 2553 564 2614 Haeo
585 2561 644 2615 tum
663 2554 767 2614 invicto
785 2555 871 2614 enimi
889 2553 1025 2614 fortitudo
1044 2558 1073 2612 st
1091 2553 1133 2612 in·

25 2630 172 2770 'spignbilis
191 2631 281 2770 perpois
299 2631 445 2771 tpgpmustip
458 2633 735 2774 {alhvlflenlmilial'
753 2632 992 2773 porprhptmanitnlp
1010 2629 1132 2692 Paulrnn

25 2728 163 2772 narasse
259 2729 309 2772 noe
362 2733 370 2772 ι
432 2733 512 2774 mus
587 2733 634 2774 ue
666 2731 738 2772 nisse
757 2733 800 2772 ms
830 2733 848 2772 u
878 2733 934 2775 um.
992 2729 1042 2772 aaa
1100 2729 1131 2770 o·

25 2811 69 2872 pra
90 2751 263 2851 admirabilis
281 2792 342 2850 eius
361 2734 494 2872 petilentia
513 2794 579 2868 fuit,
602 2793 679 2873 qood
697 2794 839 2872 ingressus
858 2792 894 2853 nd
912 2793 1038 2867 ludaeos,
1057 2730 1132 2872 grim

25 2891 76 2930 um
96 2873 203 2930 tamen·
213 2870 376 2931 indomitum
394 2873 578 2952 pervicacium
596 2874 679 2932 toties
698 2881 831 2953 aspertus
845 2880 913 2946 erat,
933 2891 1030 2934 eorum
1045 2869 1130 2931 saluti

25 2951 166 3010 onsnlens
188 2951 319 3030 perrexit.
363 2949 422 3010 Sed
444 2951 510 3030 quin
534 2949 638 3012 sciebat
657 2950 801 3013 Christum
826 2951 934 3012 ludaeis
954 2953 1048 3012 datum
1068 2967 1131 3010 esse

25 3051 35 3089 r
56 3029 199 3101 sulutem,
222 3035 252 3086 nt
270 3047 301 3088 se
320 3028 374 3088 han
391 3029 452 3108 lege
471 3036 595 3090 creatum
615 3030 798 3111 Apostolum.
818 3037 851 3090 ut
869 3031 976 3090 ludaeis
995 3031 1129 3108 primum,

25 3109 114 3170 einde
141 3113 172 3166 ni
190 3105 318 3184 gentihus
337 3109 536 3186 poenitentiam
554 3115 585 3168 et
602 3108 686 3168 fidem
706 3109 1071 3188 praedicamentorum
1090 3107 1130 3165 le-

25 3191 86 3248 nris
112 3187 161 3246 sni
179 3183 304 3244 Domino
328 3189 542 3260 commendans,
569 3189 629 3248 eins
654 3187 786 3246 mandato
804 3188 932 3265 quamvis
951 3207 1009 3246 nun
1027 3200 1132 3267 mogon

25 3288 58 3348 pe
84 3263 233 3348 proiectus
257 3263 351 3324 obtem
371 3270 439 3324 erat.
483 3265 565 3326 Prius
589 3265 703 3346 quidem
722 3266 798 3324 risus
817 3273 861 3324 est
879 3265 981 3325 dixisse
999 3264 1131 3324 nltimam

25 3347 72 3407 ale
94 3343 218 3415 ludaeis,
237 3361 326 3422 quum
343 3285 453 3404 rlioohat
469 3346 569 3426 (supra
589 3349 636 3418 13,
655 3346 726 3422 lli),
746 3341 833 3403 Vobis
854 3346 966 3424 qnidam
980 3341 1131 3426 oportebat

26 3429 140 3486 ninum
157 3423 281 3483 indicare
300 3441 417 3502 regnum
437 3423 505 3499 Dei,
525 3424 575 3483 sed
594 3425 659 3504 quia
678 3441 736 3482 non
755 3423 887 3504 recipitis,
905 3442 970 3484 eene
990 3421 1129 3484 converti·

25 3527 74 3566 rur
95 3504 136 3565 ad
157 3509 267 3584 gentem
287 3503 335 3562 sed
347 3503 402 3562 'illu
421 3503 518 3564 donor
535 3505 671 3564 sententie
690 3503 820 3582 restringi
839 3501 921 3562 dehet
935 3503 970 3562 ad
984 3523 1050 3562 emn
1063 3519 1128 3562 noe·

25 3607 80 3660 rm,
103 3585 157 3664 qui
177 3583 261 3663 impie
280 3583 421 3664 repulerat
440 3583 565 3644 oblatum
584 3581 635 3642 uhi
655 3581 854 3662 Euangeliou,
878 3600 964 3662 seque
982 3581 1127 3662 indignum
1225 3601 1227 3604 ·

25 3667 65 3723 tei
93 3663 186 3744 gratia
204 3661 368 3723 reddiderst.
407 3659 482 3743 Erga
501 3669 612 3743 pentem
630 3681 699 3723 vero
717 3664 807 3744 ipsam
827 3681 885 3722 non
903 3662 1004 3721 desinit
1021 3659 1128 3721 Paulus

25 3743 157 3822 egatione
182 3740 234 3801 sihi
258 3744 406 3802 oommissa
424 3742 515 3824 iungit
539 3761 598 3824 qno
617 3741 747 3822 exemplo
765 3743 923 3814 doeemur‚'
938 3741 1007 3800 tanti
1027 3739 1129 3800 debere

25 3823 92 3881 ohia
119 3839 184 3882 esse
202 3819 258 3880 Dei
281 3823 473 3896 vocationem,
495 3841 532 3882 ne
561 3839 618 3904 qna
636 3823 782 3883 homiuum
801 3819 969 3901 ingratitudo
986 3819 1130 3899 impediat,

25 3903 78 3961 uin
106 3916 259 3982 pergamus
282 3920 380 3963 eorum
404 3903 523 3962 sulutem
547 3921 659 3977 eurum,
688 3901 821 3983 quamdin
844 3921 898 3960 nos
915 3899 970 3960 illis
988 3897 1131 3960 Dominus
1214 3939 1220 3964 .

25 3982 136 4039 estinnt
155 3981 304 4040 ministros.
323 3981 576 4044 (inadibile'nutem
595 3989 647 4056 est,
666 3982 750 4042 inisse
769 3983 825 4041 ianr
843 3981 937 4040 statim
976 3975 1128 4038 rimoSeh·

25 4067 75 4118 ato
98 4057 212 4155 sliquos
231 4061 281 4139 qni
293 4063 461 4158 'respuerent
478 4079 575 4160 Qum
593 4061 775 4158 desponsam,
793 4061 920 4122 sednon
939 4077 957 4118 n
991 4060 1047 4120 titit
1064 4058 1127 4118 itto-

25 4159 72 4200 ω
89 4145 309 4280 ἕψω,
274 4159 322 4199 um
339 4139 770 4301 re›iddrr‘e'pltill-uid.sall‘lliililireteri
788 4217 893 4293 laneos,
911 4237 1049 4301 quaenunt
1068 4217 1126 4278 lue·

29 4303 43 4356 i
71 4296 121 4355 dis
143 4299 275 4358 utstionis
304 4317 424 4360 summa:
456 4317 559 4382 nempe
586 4299 691 4374 lesum,
720 4299 810 4360 lilium
838 4299 955 4372 Mariae,
983 4298 1128 4358 Christum

25 4395 69 4436 sse
98 4315 171 4436 olim
196 4377 365 4458 promissum
386 4379 418 4442 in
435 4377 511 4463 Lege
534 4385 564 4452 et
582 4377 745 4462 Prophetis,
773 4379 824 4462 qui
841 4383 939 4447 mortis
958 4397 1027 4442 suan
1044 4379 1127 4438 nari·
