2818 4848
162 243 245 309 1182
564 229 605 298 [N
626 224 771 299 EVANGr
788 231 922 297 loaNN.
1187 297 1192 320 1

183 345 297 437 fulgore
310 369 369 416 suo
386 352 509 414 illustret
522 341 755 426 'emmonim
774 369 864 432 quum
882 347 986 410 occidit
1003 349 1078 420 diern
1091 369 1193 414 seeum
1208 353 1306 416 aune
1407 361 1408 376 ¹

184 434 286 516 ltuqne
304 439 425 495 mortem
444 448 525 492 suam
544 431 682 514 siguificat
693 431 1143 511 =anquam·rolisocoasumfore=
1163 433 1309 516 nonquae

184 517 278 578 lucem
287 515 346 575 eius
355 509 516 594 eistinguat
525 513 571 572 vel
587 511 726 586 obscuret,
746 512 795 572 sed
810 512 870 570 eius
884 517 1067 590 compactum
1076 513 1308 594 mipiatmundo.

184 594 295 656 Interea
314 592 396 651 docet
416 613 504 686 quum
523 590 553 652 in
573 611 656 652 carne
671 591 827 672 productus
836 591 899 682 sm,
918 592 1198 676 tuncverelucidum
1206 593 1310 654 mundi

184 675 260 736 diem
279 673 437 732 mannase.-
465 669 526 731 Etsi
545 675 620 732 enim
640 671 770 736 omnibus
789 669 907 730 saemdis
926 668 1006 730 Deus
1025 672 1168 749 illuxerat,
1193 689 1308 732 novum

183 760 278 814 tamen
297 758 334 826 et,
345 752 491 812 insolitum
510 752 649 834 fulgorem
660 751 790 810 Christus
809 751 934 809 adventu
953 751 1152 831 suo'protulit:
1172 753 1249 812 uude
1263 754 1308 812 in·

182 833 239 893 fert
263 831 444 893 illustrandae
462 830 556 890 Patris
577 833 682 912 gloriae
701 831 757 890 hoc
776 831 899 889 maxime
918 829 1053 890 idoneum
1072 837 1226 910 aptumque
1244 851 1308 892 esse

181 916 302 992 tempus
314 904 398 992 quasi¹
414 912 489 986 diem
508 913 725 984 serenissimum,
744 911 773 968 in
793 930 851 990 quo
870 909 994 970 mirificis
1014 910 1198 990 operibus¹sc
1217 913 1309 991 magis

182 991 369 1072 conspicuum
394 991 527 1052 exhibere
544 989 625 1050 Dens
649 991 779 1050 voluerit
819 988 928 1049 Verum
951 987 997 1048 hic
1014 991 1153 1066 ,exoritur
1173 994 1311 1069 quaestio,

182 1071 251 1210 u
266 1071 457 1210 stent
475 1077 598 1210 sine
612 1069 971 1224 sisinnium
990 1070 1310 1228 attitulatae

183 1229 398 1312 praedicationis
418 1229 531 1311 proprie
549 1225 828 1304 hoc'accemnlodat,
840 1229 930 1309 ‘quod
951 1227 1050 1302 Deus,
1083 1229 1111 1288 ui
1131 1230 1308 1310 a'principlo

182 1309 282 1374 muudi
300 1311 382 1370 iussit
400 1330 417 1370 e
436 1309 558 1370 tenebris
577 1310 670 1370 lucem
689 1309 892 1390 splendescere,
914 1303 1071 1389 nauel-prin
1097 1309 1256 1389 vangelium
1276 1310 1308 1367 ln

92 1387 95 1402 ¹
183 1385 291 1448 Christi
319 1389 390 1450 iacie
417 1389 631 1470 resplenduerit.
676 1387 714 1448 Et
732 1394 808 1448 nun'c
826 1389 998 1448 non‘miuus
1018 1388 1154 1448 mundum
1174 1386 1306 1446 Christum

181 1467 299 1528 irradiat
317 1489 405 1548 quam
464 1489 514 1529 um
532 1470 606 1534 inter
625 1467 753 1528 homines
764 1478 871 1529 ‘coram
890 1475 1021 1529 versatus
1039 1475 1090 1528 ast.
1124 1466 1305 1547 Respondet,

181 1545 329 1608 curnam
349 1543 433 1630 comp
444 1555 489 1609 eto
509 1548 661 1608 functionis
680 1567 755 1608 suae·
768 1567 855 1608 cursu
873 1557 932 1636 n'oq
950 1549 1043 1608 nunus
1061 1551 1306 1628 potenteropera·

181 1631 245 1686 tum
264 1642 326 1686 esse
344 1640 396 1709 per
414 1644 482 1689 suos
500 1630 653 1702 ministros,
674 1643 827 1709 qnamper
841 1647 871 1688 se
886 1630 980 1708 ipsum
991 1626 1308 1707 queminmundoage-
1407 1651 1408 1658 ¹

182 1711 237 1767 ret.
276 1705 310 1766 ld
329 1709 444 1790 quidem
463 1729 562 1768 verum
582 1727 643 1768 ease
662 1707 765 1767 fateor:
796 1707 846 1767 sed
865 1727 923 1767 non
944 1707 1037 1766 obstat
1055 1705 1239 1787 primoquin
1254 1723 1309 1786 per

182 1805 215 1846 ae
233 1787 327 1866 ipsum
347 1789 464 1868 exsequi
479 1788 614 1862 debuerit,
634 1785 834 1867 quodaPatre
843 1787 1009 1846 mandatum
1018 1792 1086 1860 erat,
1148 1793 1308 1866 atempore

181 1866 214 1925 in
233 1885 298 1926 eum
317 1865 404 1928 linem
423 1867 638 1966 exhibitusofuit
655 1868 687 1926 in·
705 1886 798 1963 cerne.
839 1864 905 1926 Non
925 1866 1019 1926 obstat
1038 1807 1147 1962 dandal
1158 1864 1307 1960 quomiqu

180 1945 1309 2164 {tttinittttttiliiitlittittit‘itittttiffltt

207 2103 315 2166 atrihus
335 2113 364 2166 et
383 2107 465 2166 nohis
484 2107 640 2167 hodielux
654 2113 689 2167 et
701 2107 776 2180 dies,
793 2107 849 2165 nisi
869 2105 946 2186 quod
957 2104 1063 2165 Christi
1081 2103 1216 2166 exhibitio
1236 2115 1309 2162 sem-

179 2201 235 2266 per
253 2185 347 2245 radica
367 2203 434 2246 snos
454 2187 538 2266 longe
560 2188 661 2260 emisit,
678 2187 758 2267 'qnip
827 2191 908 2245 tuum
916 2186 992 2244 diem
1002 2175 1159 2248 texerentl,
1173 2182 1257 2242 Unde
1265 2201 1308 2241 se·

182 2265 288 2344 quitur,
309 2265 471 2346 quicunque
492 2267 667 2328 directorem·
679 2273 737 2325 no'n
756 2265 861 2325 ha'ent
876 2263 1032 2338 Christum,¹
1049 2271 1184 2342 tanquam
1204 2277 1307 2322 coecas

181 2343 355 2404 intenebris
374 2345 538 2426 palpitando
559 2346 681 2405 confuse·
694 2345 803 2406 ataine
823 2344 920 2404 ordine
939 2345 1042 2424 vagari:
1081 2343 1190 2402 Interea
1209 2349 1307 2402 tenen-

182 2422 237 2482 du's
257 2431 300 2492 est
319 2443 418 2483 sensus
437 2425 493 2498 ille,
514 2417 592 2504 qu'od
611 2426 692 2484 sicuti
713 2424 757 2483 sol
776 2425 978 2506 pulcerrimum
996 2429 1086 2484 terrm
1100 2441 1133 2481 ac
1147 2422 1310 2482 coelitheu·

181 2505 260 2561 iatun
279 2509 429 2583 totumque
450 2511 568 2562 naturae
588 2504 715 2564 ordinem
736 2505 825 2564 oculis
845 2505 949 2583 aperit,
978 2504 1018 2562 ita
1041 2503 1222 2582 praecipuam
1239 2510 1310 2584 ‘dpe-

180 2598 384 2642 remanorum
403 2583 523 2663 glon'm
543 2581 624 2644 Deus
643 2585 673 2644 in
692 2582 764 2644 Filio
784 2585 966 2664 conspicuam
985 2572 1153 2656 exhibuerit.
1214 2653 1217 2658 ¹

270 2727 302 2795 6.
346 2727 418 2797 Hoc
440 2753 513 2798 cum
535 2730 676 2816 dixisset,
704 2731 834 2824 despuit
854 2730 886 2797 in
910 2740 1033 2811 terram,
1061 2738 1094 2797 et
1114 2727 1188 2796 feeit
1208 2727 1310 2795 lutum

180 2843 349 2923 exsputo,
372 2831 404 2902 et
425 2835 523 2904 illevit
543 2837 646 2904 lutum
669 2841 764 2929 super
786 2837 896 2926 oculos
919 2835 1013 2904 coeci.
1054 2833 1311 2924 thuanaei,

180 2930 285 3022 Vade,
317 2939 388 3008 lava
410 2941 443 3007 in
465 2942 583 3032 piscina
605 2943 725 3028 Siloae,
748 2943 833 3035 quod
856 2953 919 3026 est,
942 2927 969 3008 si
989 2928 1216 3040 interpreteris,
1234 2927 1311 3007 illis·

179 3065 245 3112 sus.
274 3044 361 3111 Abiit
383 3069 467 3138 ergo,
489 3057 522 3116 et
543 3048 627 3134 lauit,
649 3059 682 3119 et
702 3048 790 3118 venit
811 3049 929 3116 videns.
964 3049 995 3114 8.
1015 3047 1254 3137 ‘Viciniritaque
1277 3056 1310 3113 et

180 3151 236 3242 qui
257 3151 401 3220 viderant
428 3176 503 3220 eum
523 3155 634 3246 prius,
668 3165 700 3223 et
727 3155 814 3246 quod
836 3153 997 3221 mendicus
1028 3164 1128 3236 esset,
1154 3143 1310 3237 'dicebant
1407 3219 1408 3222 ,

133 3308 137 3316 ,
178 3253 297 3326 Nonne
318 3257 371 3327 hie
392 3269 450 3345 est,
472 3261 526 3352 qui
548 3261 677 3330 sedebat
699 3271 732 3331 et
752 3260 971 3330 mendicabat?
1014 3257 1044 3327 9.
1073 3257 1137 3326 Alii
1156 3257 1310 3353 dicebant,

178 3360 272 3432 Certe
293 3363 346 3432 hic
369 3376 425 3433 est
469 3363 780 3450 atiamentarius
803 3361 926 3434 estilli.
971 3363 1027 3432 llle
1049 3376 1156 3433 autem
1179 3364 1309 3445 dicebat,
1407 3357 1408 3374 ¹

177 3465 248 3561 Ego
271 3493 353 3540 sum.
387 3473 439 3540 10.
461 3471 621 3541 Dixerunt
643 3475 717 3564 erg'o
740 3471 792 3556 illi,
814 3471 985 3558 Quomodo
1008 3471 1106 3560 aperti
1128 3479 1201 3535 sunt
1224 3465 1309 3534 oculi

176 3575 247 3642 tui?
292 3578 343 3644 11.
377 3575 553 3669 Respondit
575 3579 642 3660 ille,
662 3588 697 3646 et
719 3579 811 3660 (lixit,
834 3577 958 3658 Homo,
981 3576 1036 3666 qui
1057 3585 1186 3642 vocatur
1207 3563 1309 3656 lesda,

64 3704 70 3715 ·
175 3679 281 3748 lutum
309 3683 396 3766 fecit,
430 3693 462 3750 et
490 3683 590 3750 illevit
611 3683 722 3750 oculos
744 3705 849 3767 meos,
882 3693 914 3752 et
941 3683 1019 3749 dixit
1039 3679 1131 3763 mihi,
1164 3679 1252 3747 Vade
1273 3680 1309 3746 in
1407 3669 1408 3682 ³

174 3785 331 3876 piscinam
359 3787 479 3872 Siloae,
512 3799 545 3855 et
571 3785 655 3853 lava:
688 3797 858 3880 postquam
885 3811 963 3856 vero
986 3787 1045 3854 abii
1065 3797 1106 3884 ¹et
1125 3785 1219 3884 lari,
1235 3785 1309 3854 viui.

177 3885 413 3961 tentaremur
435 3916 509 3985 ergo
532 3891 571 3976 ei,
593 3892 656 3960 Ubi
678 3905 727 3962 est
748 3893 823 3962 ille?
851 3893 951 3976 Dixit,
973 3893 1100 3964 Nescio.

255 4009 284 4068 6.
309 4011 438 4090 Despuit
457 4019 490 4071 in
508 4019 628 4072 terr-om.
658 4011 817 4072 Consilium
828 4011 934 4074 Christi
954 4019 1025 4084 erat,
1046 4013 1141 4071 visum
1160 4027 1247 4070 coeco
1266 4014 1308 4068 r'c·

175 4083 309 4160 stituere,
339 4089 388 4146 sed
413 4107 474 4148 rem
493 4091 654 4170 aggreditur
673 4093 809 4152 modain
829 4093 953 4174 speciem
973 4090 1058 4150 valde
1078 4090 1215 4150 absurdo:
1243 4105 1311 4160 nam

174 4161 237 4222 luto
257 4165 356 4226 oculos
376 4167 487 4228 illinens
507 4171 671 4230 coecitatem
692 4173 904 4251 quodammodo
923 4171 1060 4250 duplicat.
1102 4168 1175 4248 Quis
1195 4165 1310 4227 nonvcl
1407 4201 1408 4204 =

145 4265 152 4276 ·
175 4242 280 4302 misero
300 4244 407 4305 homini
422 4267 494 4318 ,eum
513 4248 632 4308 illudere
653 4257 789 4331 putasset,
809 4253 857 4312 vel
875 4254 964 4312 instar
979 4249 1103 4312 hominia
1114 4248 1194 4308 deliri
1209 4247 1310 4306 ridicu·

172 4319 216 4380 las
236 4323 357 4406 ineptias
377 4326 504 4406 agitare?
522 4327 612 4408 Atqui
632 4327 688 4390 hoc
706 4331 793 4390 modo
813 4333 892 4392 coeci
907 4331 992 4390 iidem
1004 4335 1034 4389 et
1045 4329 1233 4388 obedientiam
1244 4342 1309 4406 pra·
1407 4349 1408 4392 l

175 4397 244 4464 hare
262 4404 365 4480 voluit,
385 4412 418 4466 ut
436 4405 570 4511 omnibus
590 4416 666 4470 esset
685 4410 827 4493 exemplo.
857 4411 923 4474 Fuit
942 4415 1019 4471 certe
1038 4398 1173 4470 hecuba
1193 4405 1311 4486 vulgae
1407 4429 1408 4436 ¹
