2786 4870
190 152 256 256 4‘
582 179 897 245 maeraarosr.

190 301 367 382 susceperint
405 295 481 378 Ergo
500 291 682 378 quaeeunque
701 282 841 436 de'rggeo
859 293 916 356 Dei
936 301 992 357 tam
1010 315 1059 358 ere
1078 274 1169 380 quam
1187 300 1297 440 ιιιιὶῐιοίιο

188 379 382 464 prodiderunt,
410 375 452 435 illi
474 383 540 436 sunt
559 395 701 436 sermones
724 395 741 434 a
812 377 881 436 rista
905 375 997 435 habiti.
1044 376 1215 454 Caeterum,

188 461 301 522 nornine
319 457 427 515 heviter
444 455 560 527 indicat,
589 473 725 536 quorsum
742 453 837 514 tendat
855 451 998 534 Evangelii
1022 455 1164 532 doctrina,
1193 477 1298 538 nempe

189 545 222 599 nt
240 539 268 606 ih
287 535 367 596 nobis
385 541 481 614 regnet
500 531 586 610 Dens.
625 532 716 614 Hujus
735 535 813 613 regni
831 534 942 594 initium
959 539 1207 616 estregeneratio:
1234 535 1298 597 finis

190 636 224 695 ee
242 613 477 693 complementum
495 612 576 674 beata
594 611 799 672 immortalitas:
819 613 904 672 medii
923 631 1083 692 progressus
1101 622 1168 676 sunt
1186 617 1217 679 iu
1238 635 1298 676 am-

189 695 277 778 pliore
296 691 509 772 regenerationis
548 689 657 751 roieetu
675 697 704 749 et
722 699 880 770 augmento.
925 689 993 769 Quo
1018 697 1110 752 tamen
1127 713 1172 754 res
1191 693 1298 753 clanim

189 777 296 854 pateat,
319 771 410 852 primo
429 773 514 829 notan
535 789 584 830 um
608 776 665 842 est,
687 788 740 829 nos
764 788 781 828 a
805 789 892 850 regno
915 768 973 829 Dei
997 777 1144 830 extrmeos
1166 772 1245 832 nasci
1267 779 1299 830 ct
1376 763 1377 784 ³

189 853 299 924 vivere,
329 849 418 908 donee
441 851 470 908 iu
495 867 598 908 novam
622 849 708 906 vitam
731 867 784 906 nos
807 847 886 908 Deus
909 848 1037 926 refingat.
1085 847 1162 930 Ergo
1184 850 1299 930 proprie

189 929 335 1000 mnndum,
355 933 467 988 earnem
486 932 619 1000 umbram,
638 931 667 988 ct
686 926 817 1008 quiequid
835 928 925 986 estin
943 925 1065 987 hominis
1082 935 1193 1001 natura,
1209 947 1300 1004 regno

188 1007 245 1067 Dei
264 1024 405 1086 oppenere
424 1006 498 1066 lieet.
537 1003 611 1064 Nam
630 1005 756 1064 animalis
775 1003 861 1066 bomo
880 1005 932 1064 sub
952 1005 1052 1066 muudi
1076 1003 1161 1064 huius
1180 1005 1299 1065 demen-
1376 1015 1377 1024 ¹

170 1088 226 1147 ‘tis
245 1104 342 1146 seusus
361 1103 457 1143 omnes
477 1103 542 1142 suos
561 1085 692 1144 eontinet.
731 1081 784 1142 Hic
803 1085 920 1144 felicitas
980 1084 1301 1158 rememoraturum
1376 1133 1377 1136 ,

189 1165 304 1242 bonum.
343 1162 451 1222 Interea
470 1164 630 1222 exsulamus
654 1181 670 1221 a
690 1181 776 1241 reguo
801 1161 869 1222 Ilei:
893 1169 922 1221 et
976 1181 1025 1238 ern
1048 1159 1302 1242 quodammodoa

190 1245 271 1304 uobis
289 1243 405 1302 exsulat.
444 1241 484 1301 At
503 1241 645 1314 Christus,
662 1239 807 1320 Evangelii
826 1240 1043 1320 praedieatione,
1062 1259 1115 1300 nos
1133 1240 1169 1300 ad
1187 1241 1301 1300 suturae

191 1324 266 1382 vitae
289 1320 496 1381 meditationem
519 1319 621 1380 evehit.
666 1317 753 1394 Quod
778 1326 809 1378 ut
831 1318 891 1394 fiat
916 1321 1084 1399 corrigitur
1106 1319 1243 1382 reformat
1264 1320 1301 1376 in

189 1400 270 1461 nobis
298 1404 421 1458 terrenos
450 1397 577 1472 affectus,
612 1398 738 1476 adeoque
770 1399 860 1458 caruis
896 1403 1007 1456 neshae
1033 1397 1106 1458 vitiis
1133 1405 1250 1471 mutos,
1280 1415 1300 1455 a

190 1478 298 1539 mundo
317 1495 370 1536 nos
389 1484 523 1558 segregat.
563 1475 652 1536 Sicuti
672 1483 767 1534 antem
786 1495 861 1536 mors
880 1483 991 1536 aeterna
1009 1495 1104 1536 omnes
1123 1483 1227 1549 manet,
1246 1475 1300 1553 qni
1376 1523 1377 1536 ,

191 1555 344 1616 seeundum
373 1573 484 1614 earnem
512 1557 623 1614 vivunt:
657 1556 696 1614 ita
725 1561 861 1632 quatenus
890 1561 1040 1614 renovatur
1066 1556 1181 1614 interior
1208 1553 1300 1614 bomo

191 1641 286 1694 noster
315 1634 346 1692 iu
374 1633 522 1712 spiritualis
546 1633 621 1692 vitae
644 1632 816 1712 proiectum,
844 1632 879 1692 ad
908 1633 1107 1714 perlectionem
1134 1635 1214 1713 regni
1243 1631 1301 1695 Dei

78 1748 81 1767 .
189 1713 278 1792 magis
297 1711 467 1784 amedimus‚
496 1730 569 1791 quae
592 1717 636 1770 est
655 1711 763 1770 divinae
786 1712 890 1793 gloriae
909 1713 1036 1772 societas.
1084 1709 1214 1806 Regnare
1232 1729 1301 1790 ergo

190 1789 269 1850 Deus
287 1808 363 1850 nune
381 1789 443 1856 vult
460 1790 490 1848 in
509 1789 605 1863 nobis,
623 1795 656 1850 ut
674 1789 787 1850 tandem
805 1809 858 1850 nos
877 1792 956 1868 regni
978 1792 1022 1850 sni
1041 1791 1191 1871 participes
1209 1789 1299 1858 iaciat

189 1867 264 1930 Hine
283 1867 453 1947 colligimus,
483 1887 621 1926 summam
641 1866 745 1927 Christi
769 1887 929 1928 sermonum
953 1869 1041 1928 inisse
1064 1867 1101 1927 de
1120 1865 1237 1928 humani
1255 1886 1300 1946 ge-

190 1945 1302 2087 tdntdtttttttttttttttttffirrtdttt'ttt'ttnt

190 2103 226 2164 de
243 2103 330 2164 mode
348 2103 554 2183 recuperandae
574 2103 683 2176 salutis,
703 2104 738 2163 de
797 2068 806 2100 ⁹
844 2111 938 2165 torum
956 2106 1129 2178 remissione,
1153 2103 1188 2162 de
1207 2104 1302 2162 caruis

189 2183 380 2276 abnegatione,
399 2179 436 2276 de
453 2181 591 2276 spirituali
610 2181 723 2278 iustitia,
762 2201 778 2241 e
796 2201 846 2278 spe
858 2183 934 2276 vitae
952 2183 1086 2253 mdmtia
1104 2189 1133 2242 et
1151 2181 1300 2276 similibus.

188 2259 328 2422 131}qu
339 2261 500 2400 sdedeellmm
518 2281 552 2360 m
569 2259 781 2324 Chrlshaursmo
799 2269 853 2322 nte
870 2261 990 2337 mutui,
1016 2260 1073 2322 huc
1091 2261 1182 2322 sludm
1199 2267 1302 2320 nusum

265 2419 293 2479 4.
334 2419 528 2501 &effregero
551 2441 614 2496 eos,
636 2430 792 2504 praecepti.
834 2420 894 2482 lam
918 2422 996 2559 quur
1020 2419 1188 2502 apostolatu
1210 2417 1308 2478 lancti
1376 2471 1377 2474 ,

187 2503 280 2570 mant,
308 2495 359 2556 scd
386 2515 445 2555 non
473 2498 528 2557 nisi
549 2499 586 2558 ad
646 2501 743 2560 'num
767 2507 824 2562 tem
845 2519 890 2560 us:
940 2499 1020 2559 einde
1043 2506 1158 2560 eatenus
1184 2504 1218 2556 nt
1246 2515 1304 2556 sno

188 2575 340 2667 praecepio
359 2575 604 2658 expergefacerent
622 2577 655 2636 lu
675 2597 739 2638 aeos
758 2579 794 2638 nd
840 2579 973 2716 pgbtrum
991 2577 1169 2639 audiendum.
1208 2574 1303 2636 Adeo·

188 2673 245 2731 que
263 2671 340 2731 prrus
359 2652 429 2711 illud
447 2653 609 2714 mandatum
629 2655 761 2730 docendi,
786 2678 843 2736 quo
889 2659 943 2718 illis
963 2655 1092 2716 Christus
1112 2657 1140 2714 in
1159 2655 1241 2714 terris
1258 2655 1302 2712 vi·

186 2749 257 2789 vens
276 2729 434 2790 iniunxerat
452 2729 564 2808 (blattb.
584 2737 632 2806 10,
650 2734 703 2813 7.),
723 2737 803 2814 qnasi
821 2736 998 2816 praeludium
1016 2734 1160 2814 quoddam
1178 2739 1239 2792 erat
1256 2731 1301 2790 iu·

186 2807 244 2867 turi
262 2805 463 2886 Apostolabrs,
481 2810 527 2868 cui
544 2812 671 2871 nondum
689 2815 792 2873 matrui
809 2821 898 2874 eraut.
937 2813 1002 2873 Non
1020 2834 1089 2895 ergo
1109 2819 1175 2872 aute
1194 2811 1304 2870 Christi

186 2885 419 2946 resurrectionem
437 2887 607 2950 ordinarium
624 2911 728 2951 munus
742 2891 795 2952 illis
810 2894 973 2974 impositum
986 2893 1051 2954 luit:
1070 2892 1120 2952 sed
1128 2910 1304 2972 praeconum

176 2965 284 3037 instar,
304 2971 337 3024 ut
355 2965 422 3038 dixi,
442 2973 553 3046 gentem
572 2987 652 3028 suam
670 2971 846 3046 exutarum,
866 2978 900 3030 ut
919 2970 1032 3032 Christo
1051 2971 1193 3031 audientia
1210 2969 1303 3029 fieret

186 3041 442 3104 transactione
466 3045 578 3106 demum
604 3050 689 3109 creati
714 3055 780 3108 sunt
802 3049 948 3130 Apostoli,
973 3051 1023 3130 qui
1047 3051 1226 3110 commissam
1246 3047 1302 3106 sibi

139 3193 145 3198 .
187 3119 348 3190 doctrinam,
367 3141 419 3202 per
442 3130 534 3184 totum
558 3126 695 3186 mundam
719 3127 902 3209 publicarent.
952 3127 1039 3208 Quod
1067 3133 1162 3188 autem
1191 3133 1304 3187 emtor

100 3239 104 3250 ι
187 3199 278 3258 adhue
295 3206 391 3260 tamen
410 3201 548 3263 abstinere
567 3223 585 3263 a
603 3225 719 3265 munere
737 3207 814 3266 iubet
824 3207 963 3282 Christus,
981 3207 1011 3266 id
1029 3226 1088 3267 non
1107 3205 1141 3266 fit
1158 3206 1220 3266 siue
1232 3205 1304 3285 legi·

186 3279 254 3338 tima
274 3297 366 3340 eausa.
404 3279 465 3340 lma
485 3283 579 3362 plnres
599 3303 699 3344 causae
718 3288 855 3347 recenseri
873 3293 1001 3367 possunt,
1020 3305 1072 3346 cur
1089 3286 1131 3346 sie
1144 3283 1306 3366 oportuerit

186 3355 255 3417 lieri.
286 3356 392 3417 Recens
411 3358 504 3419 adhue
523 3367 583 3420 erat
601 3361 683 3422 foeda
702 3363 750 3422 illa
768 3367 841 3424 ma'
884 3365 1034 3424 ‘desertior
1054 3371 1179 3425 recentes
1191 3363 1304 3422 multae

186 3433 385 3496 incredulitatis
409 3443 502 3498 nome.
548 3437 647 3517 Quum
671 3447 729 3502 tam
752 3441 878 3504 absoute
900 3444 1019 3504 luissent
1042 3444 1148 3514 edocti,
1170 3441 1305 3502 nmmum

186 3513 279 3574 subito
300 3513 394 3590 obliti,
413 3517 557 3598 specimen
575 3519 717 3593 ediderant
737 3523 820 3581 nimis
839 3540 948 3582 crassae
967 3521 1104 3582 rudItatis.
1140 3518 1241 3598 Neque
1262 3519 1303 3578 ab

126 3619 144 3676 j
186 3591 231 3652 his
250 3593 324 3652 vitiis
344 3593 440 3670 aberat
458 3597 543 3676 eulpa
566 3599 705 3677 ignaviae:
731 3620 804 3680 quae
827 3621 885 3660 nou
909 3602 990 3663 aliter
1014 3598 1160 3660 commode
1181 3600 1305 3678 pnrgari

186 3673 312 3750 poterat,
334 3679 421 3750 quam
439 3676 604 3753 promissam
624 3678 741 3758 gratim
761 3679 926 3756 differendo,
950 3686 984 3739 ut
1002 3681 1090 3759 magis
1110 3697 1208 3741 eornm
1226 3677 1304 3736 desi-

186 3745 295 3888 mam
308 3758 469 3842 acueretur.
509 3751 567 3814 Sed
585 3755 656 3851 haee
674 3775 758 3852 causa
773 3760 911 3853 imprimis
930 3757 1053 3855 nptandn
1072 3765 1123 3832 est
1141 3755 1221 3853 quorl
1238 3753 1304 3851 De·

187 3848 278 3966 ,sul
292 3833 1009 4004 ttttthitihtttthttttthia
1023 3857 1170 3996 {iiiiii
1185 3855 1304 3988 titt:

186 3989 220 4040 ut
232 3984 338 4068 ¹ruelrus
357 3989 470 4068 negotii,
489 3990 567 4070 quod
584 3991 638 4050 illis
658 3989 773 4054 daturus
792 4001 866 4068 erat,
883 3996 1104 4075 magnitudinem
1122 3993 1304 4056 commenda-

154 4109 156 4112 -
186 4065 238 4117 ret
281 4062 378 4138 Atque
400 4067 471 4128 iude.
488 4069 570 4129 nobis
593 4069 774 4140 confirmatur
794 4071 940 4152 Evangelii
963 4077 1080 4148 veritas,
1149 4074 1187 4134 od
1209 4093 1243 4135 se
1267 4073 1307 4132 ad

186 4154 248 4231 ιιιιιιΙ
264 4141 462 4220 promulgandi
480 4165 583 4214 munus
602 4150 745 4231 accingere
763 4151 843 4212 vetiti
865 4159 933 4212 suut
951 4150 1095 4234 Apostoli,
1139 4172 1211 4214 onec
1230 4159 1304 4213 tem-

127 4281 128 4285 ,
186 4233 264 4296 1111111
289 4234 420 4310 ramesen
442 4223 497 4286 rite
518 4229 676 4308 praeparati
704 4237 803 4291 essem.
853 4228 946 4290 Simul
974 4239 1069 4296 anum
1092 4249 1208 4291 manere
1231 4232 1306 4292 iussi

187 4297 266 4353 suut:
287 4310 419 4370 quomam
438 4319 497 4361 nno
516 4325 614 4366 omnes
632 4305 741 4387 Spiritu
766 4309 887 4374 donandi
912 4319 1008 4374 erant..
1043 4309 1076 4370 Si
1099 4309 1221 4372 tuissent
1245 4309 1306 4370 dis·
