2716 4856
233 213 237 224 '
343 224 345 230 ’
455 217 584 282 cAPttr
603 217 714 287 XVIII,
1090 227 1148 290 ³71

34 357 62 396 aa
79 353 126 396 eos
144 331 306 471 od'euperat,
325 339 396 394 voto
415 353 447 396 se
466 335 613 417 obligasse,
632 336 711 418 quod
730 333 838 398 sciebat
853 351 950 398 coram
964 335 1030 400 Deo
1045 341 1152 404 nullius

34 435 85 475 esse
106 433 214 474 momen
228 435 247 472 r.
288 447 293 463 -
930 465 933 474 .
993 467 996 475 .
1124 467 1128 480 ,

99 496 185 556 tal
237 515 318 553 essars
341 476 540 576 synogogam.
581 481 670 573 Quod
689 502 800 556 vestem
819 515 899 556 suern
916 487 949 556 in
969 499 992 557 si
1032 517 1082 558 um
1104 501 1151 560 de·

34 515 326 632 ,outonisndbrtrttri
346 581 517 648 excusserat,
536 593 595 633 uon
614 573 680 634 ideo
699 575 807 634 lactum
826 517 1153 652 essedocct'bieloous,

34 652 97 731 1uod
119 651 207 712 totam
236 659 351 732 gentem
374 651 520 728 abiiceret,
546 653 595 713 sed
666 673 698 714 os
723 655 851 734 perditae
875 655 1070 717 obstinationis
1096 659 1154 717 iarn

34 738 152 810 expertus
176 737 250 792 erat:
274 751 351 790 nuuc
376 731 411 791 de
437 734 546 814 integro
566 733 602 792 ad
647 733 760 812 phesios
780 730 900 808 accedit,
926 737 1085 816 perieulum
1111 737 1152 796 la-

34 817 117 870 :turus
136 829 171 900 en
191 808 256 946 plus
271 811 347 891 apud
358 811 435 890 ipsos
445 811 619 908 obedientiae
628 813 773 894 reperiret.
792 810 884 873 Porro
897 817 1004 910 mirum·
1012 823 1053 874 est
1064 813 1152 894 quod,

34 889 705 1052 tltttctttt‘ttttttfft‘t”tlt
716 890 1153 1052 tltttttnttlttttttt

34 1067 118 1106 sorum
147 1053 243 1106 tamon
267 1047 398 1128 precibus
423 1069 533 1111 morem
557 1071 616 1110 uon
639 1051 767 1132 gesserit.
812 1049 886 1109 Hinc
911 1057 988 1111 certo
1013 1053 1154 1112 coniicere

34 1131 184 1206 rromptum
209 1129 348 1206 estquod
367 1129 446 1208 prius
466 1129 535 1202 dixi,
558 1148 674 1208 gravem
699 1127 740 1188 illi
759 1129 847 1188 luisse
866 1149 989 1204 oausam,
1015 1133 1067 1192 our
1086 1129 1152 1190 Hie·

34 1206 195 1283 osolymam
220 1208 347 1265 celeriter
371 1209 542 1268 ascenderet.
587 1207 652 1288 lpse
677 1209 763 1268 etiam
787 1228 842 1288 pro
893 1209 998 1270 endum
1018 1209 1074 1270 sibi
1090 1229 1173 1270 ease.

34 1285 151 1357 retendit,
172 1285 274 1354 diceus,
295 1283 419 1366 Oportet
437 1307 484 1346 ma
502 1288 607 1346 lectum
626 1287 705 1367 quod
724 1289 811 1348 instat
859 1290 1037 1370 ierosolymis
1058 1303 1151 1370 agere.

34 1363 81 1422 loc
109 1363 224 1423 dubium
253 1370 310 1436 est,
340 1365 410 1444 quin
438 1365 523 1426 rebus
548 1367 695 1448 diligenter
719 1367 777 1428 illic
801 1369 965 1446 compositis
985 1369 1153 1440 discesserit,

34 1463 85 1501 nur
110 1442 183 1502 bona
208 1462 307 1503 eorum
327 1463 397 1524 pace
416 1448 445 1514 et
464 1445 559 1504 venie:
589 1452 675 1505 etex
696 1444 789 1506 Lucas
809 1447 902 1506 verbis
923 1447 1056 1526 colligere
1076 1449 1152 1518 licet,
1167 1453 1181 1470 ⁸

34 1523 230 1582 causationem
249 1522 336 1582 fuisse
356 1529 515 1604 acceptam,
535 1543 640 1584 oecos
660 1525 815 1584 offenderet
834 1526 956 1604 repulsa.
998 1525 1153 1586 Caeterum

34 1609 116 1662 rotare
142 1621 248 1681 operae
287 1603 391 1662 retium
410 1609 468 1676 est,
493 1602 540 1662 ubi
561 1621 626 1683 epea
646 1604 791 1682 prolectas
810 1603 904 1663 oblata
923 1611 967 1665 ast
986 1605 1073 1664 solito
1087 1623 1153 1674 ‚rne-

34 1681 80 1752 ior,
100 1687 237 1760 tauquam
258 1622 313 1743 liet
332 1701 420 1742 mauu
439 1681 476 1740 ad
495 1681 550 1740 alia
569 1689 656 1762 atque
676 1682 731 1740 alia
749 1683 861 1761 negotia
879 1702 933 1743 nos
953 1683 1038 1760 trabi,
1058 1691 1091 1744 ut
1111 1685 1153 1744 di·

34 1777 130 1820 ¹caurus
149 1779 204 1818 uos
224 1761 285 1819 eius
305 1759 419 1820 arbitrio
438 1761 577 1841 regendos
596 1761 716 1820 tradere.

95 1843 218 1900 Festum
247 1841 326 1922 qnod
353 1849 454 1900 tonet.
504 1838 592 1918 Quod
622 1839 658 1899 de
685 1845 755 1898 voto
779 1857 871 1919 nuper
896 1841 991 1920 attigi,
1018 1840 1057 1899 ad
1079 1840 1156 1921 ditur

34 1937 139 2057 trra
166 1916 276 2056 erm
304 1920 439 2057 asc
486 1939 1156 2058 nt,
1224 1939 1226 1945 ’

34 2017 155 2136 ribilebse
184 2017 297 2157 poteursat
326 2018 506 2156 qppnpnlisis
529 2079 596 2136 anui
620 2075 804 2157 temporibus.
851 2037 963 2154 Qubuti
988 2018 1109 2156 ebimld)
1124 2145 1127 2155 Ι

34 2162 62 2214 et
80 2157 198 2230 §dierum
221 2152 388 2226 discrimen,
417 2155 465 2216 vel
489 2175 546 2215 uua
568 2156 688 2236 epistola
712 2155 749 2214 ad
769 2155 884 2216 Galatas
904 2153 1032 2236 locuples
1052 2162 1095 2214 est
1114 2161 1157 2216 te·

34 2236 69 2294 tis
92 2235 172 2312 (Gal.
192 2235 227 2309 4,
252 2237 322 2314 tlt).
362 2233 526 2310 Notandum
544 2255 617 2294 varo
637 2241 694 2309 est,
719 2234 798 2329 quod
824 2235 860 2294 de
883 2233 977 2294 reditu
1001 2233 1072 2293 nihil
1090 2255 1156 2315 pro·
1223 2225 1237 2246 ‘

1094 2095 1156 2136 aoe·
1280 2084 1282 2094 '

34 2315 120 2387 niltit,
146 2313 200 2372 nisi
229 2312 284 2374 bac
313 2316 481 2395 exceptione
506 2314 685 2394 interposite,
709 2333 733 2372 sr
758 2311 886 2372 Domino
914 2313 1061 2392 placuerit.
1104 2311 1157 2372 Fa·
1272 2359 1274 2364 ,

34 2413 115 2454 emur
145 2391 260 2470 quidem
290 2412 403 2466 omues,
431 2415 491 2454 nou
515 2412 600 2474 posse
623 2413 676 2453 nos
701 2393 756 2452 nisi
781 2393 842 2452 eius
862 2392 951 2452 ductu
970 2391 1017 2451 vel
1037 2391 1158 2470 digitum

34 2492 111 2531 num
141 2489 271 2543 movere,
300 2473 351 2531 aed
382 2475 448 2552 quia
473 2480 585 2534 tautum
608 2472 786 2552 arrogantiae
809 2474 839 2531 in
864 2469 1025 2530 bominibus
1051 2472 1157 2550 passim

34 2556 135 2630 egeat,
164 2555 198 2608 ut
226 2549 339 2630 quidvis
368 2555 520 2632 praeterito
543 2551 609 2612 Deo
634 2559 757 2612 statuere
779 2571 839 2612 rrou
864 2551 951 2610 modo
977 2553 1006 2610 in
1027 2550 1157 2638 futurum

34 2628 503 2772 tttsttttttttlt'
522 2628 1159 2772 'tttttttttllttttltttitt

34 2729 74 2846 iio
96 2791 128 2846 et
147 2731 340 2866 providisses
360 2732 516 2852 sutteeeb'
529 2811 581 2862 ue,
601 2791 625 2850 si
645 2791 847 2866 deliberemus,
866 2795 899 2848 ut
919 2789 1012 2850 solent
1031 2782 1083 2870 qui
1100 2789 1158 2850 idr-

34 2885 122 2926 unam
147 2865 200 2926 sibi
223 2868 356 2928 sidentur
381 2870 434 2930 sub
454 2890 541 2931 manu
560 2869 674 2944 babere,
693 2872 781 2928 iustas
802 2869 901 2930 demus
920 2869 1085 2930 temeritatis
1105 2875 1157 2934 no-

34 2953 95 3006 trae
117 2965 232 3024 poenas.
270 2945 331 3008 Etsi
352 2956 446 3010 autem
466 2970 524 3010 uon
544 2955 623 3008 tanta
642 2955 686 3007 est
703 2950 734 3006 in
753 2948 849 3008 verbis
867 2949 976 3028 religio,
997 2950 1067 3028 quio
1086 2947 1157 3006 libe-

34 3045 83 3086 um
104 3025 189 3083 uobis
209 3027 246 3084 ait
264 3027 366 3101 dicere,
386 3027 442 3087 hoc
462 3029 510 3089 vel
528 3017 599 3088 iliud
618 3025 753 3098 lecturus,
773 3027 843 3086 utile
856 3031 953 3086 mareu
967 3032 1011 3084 eat
1026 3026 1158 3088 formulis

34 3101 159 3200 pquendi
177 3121 351 3180 assuescere,
371 3125 444 3185 quae
463 3127 517 3167 uos
531 3105 787 3166 commonefaciant
801 3123 915 3183 gressus
930 3121 1028 3164 omues
1043 3104 1159 3163 nostros
1192 3177 1198 3200 ι

34 3179 277 3333 &bb-Debborae
301 3264 490 3326 descmdtsset
510 3267 693 3326 caseoreom.
735 3259 910 3342 Quanquam
929 3279 988 3322 uuo
1007 3259 1098 3320 verbo
1115 3279 1158 3321 re·

34 3343 89 3402 itnt
110 3335 219 3410 Lucas,
247 3337 370 3401 Paulum
389 3341 606 3423 Hierosolymse
630 3343 767 3402 salutasse
790 3343 952 3416 ecclesiam,
982 3347 1092 3401 certum
1115 3346 1160 3400 est

34 3438 120 3480 emen
144 3437 248 3499 magua
272 3420 367 3500 aliqua
390 3423 556 3484 necessitate
580 3423 650 3482 illue
673 3422 760 3480 irdssa
784 3426 967 3502 pertractum.
1006 3418 1044 3477 Et
1062 3426 1160 3480 lamera

34 3522 54 3560 x
82 3503 225 3558 contextu
250 3499 383 3581 colligere
406 3501 486 3575 lieet,
510 3521 569 3562 uon
589 3501 638 3560 diu
658 3500 815 3560 substitisse
834 3498 1066 3578 Hierosolymae:
1085 3499 1159 3558 forta
1188 3529 1193 3541 ·
1252 3540 1253 3551 t

36 3579 89 3716 iia
110 3596 388 3720 tt‘ttttttt’
403 3602 457 3720 13¹¹
457 3579 646 3722 :stelit
657 3580 865 3731 ,iiiiii
882 3583 1159 3720 ttt‘tttl'tt:

34 3737 127 3809 larat,
154 3735 250 3798 dicens
274 3737 457 3799 confirmasse
481 3760 580 3800 ornnes
600 3738 767 3819 discipulos,
795 3736 872 3800 baud
892 3737 976 3798 dubio
993 3739 1053 3798 uou‘
1071 3754 1160 3818 parva

34 3814 156 3880 solestia
190 3819 257 3896 quia
290 3839 343 3900 per
370 3818 476 3880 multos
514 3820 649 3879 circuitus
684 3818 834 3879 deflectere
863 3824 978 3878 mactus
1006 3821 1065 3874 est:
1093 3829 1169 3880 nam,

36 3893 165 3954 articula
186 3901 303 3970 καθεξῆς
338 3900 502 3966 continuam
527 3899 627 3958 seriem
651 3895 786 3978 designat
825 3896 884 3958 larn
944 3895 1091 3956 eratione
1110 3912 1161 3952 vo·

34 3980 127 4034 entur
156 3971 310 4052 disioipuli,
340 3979 389 4056 qui
413 3975 530 4038 Christo
559 3995 665 4037 nomeu
690 3977 827 4037 dederuut
851 3981 881 4035 et
926 3973 991 4032 dem
1014 3971 1160 4053 Evangelii

35 4051 147 4112 rofessi
176 4058 258 4125 suut,
289 4053 355 4114 alibi
378 4055 501 4116 dalmas
525 4057 572 4135 (su
593 4075 616 4116 r.
643 4059 673 4130 9,
693 4059 770 4130 36.)=
835 4054 862 4114 'a
886 4053 992 4114 seilicet
1014 4051 1093 4111 nulla
1117 4055 1161 4112 est

34 4134 82 4192 irre
108 4137 190 4192 recta
218 4131 394 4194 institutione
422 4137 520 4216 pietas.
589 4135 710 4198 abebant
739 4134 788 4213 qui
825 4153 855 4204 m
882 4133 923 4192 illi
942 4149 1012 4192 suos
1031 4136 1161 4226 pastores

34 4211 73 4269 nb
107 4209 214 4290 quibus
242 4210 429 4292 proficerent,
459 4214 510 4274 sed
542 4235 601 4296 quo
630 4216 722 4274 maior
746 4220 808 4274 erat
825 4210 909 4272 Pauli
932 4217 1102 4286 enatantes,
1130 4216 1161 4270 et

34 4307 82 4367 [uo
108 4289 312 4352 excellentiore
335 4293 438 4376 spiritu
456 4291 595 4376 pollebat,
623 4312 666 4353 err
685 4293 746 4356 eius
772 4294 892 4435 tranprpp
916 4311 975 4354 non
1000 4295 1161 4372 parva'aa-
