2786 4866
219 237 278 304 138
624 235 664 300 ΙΝ
683 235 787 299 ACTA
807 231 944 300 apost.

219 355 310 410 tutem
329 367 410 411 suam
429 355 528 412 exerst
546 349 576 411 ln
594 349 799 424 Sacramentis,
827 352 877 414 scd
900 353 955 414 uhi
979 349 1032 412 tide
1048 353 1080 414 ad
1097 355 1186 436 lpnrm
1205 361 1305 436 aosorgt.

219 449 293 506 mus,
312 430 419 490 nullam
439 430 604 492 habebimus
623 433 684 493 eius
723 433 900 492 mesentiam.
936 429 1010 492 lline
1027 433 1144 512 eollipre¹
1162 443 1306 514 promptam

220 507 282 582 est,
292 529 381 590 quuoa
400 511 429 568 in
450 511 543 570 metlio
562 529 680 572 suorum
699 453 815 586 dabitat,
835 531 889 572 nec
906 519 1000 572 bemus
1014 511 1118 572 allisum
1130 533 1189 573 esse
1202 533 1252 574 nec
1261 515 1306 574 ullo

112 639 115 646 .
208 588 285 648 'loeo
304 588 515 670 comprehendi,
535 591 603 672 quia
622 592 804 673 spirltunliter
822 593 917 673 ipsum
936 593 966 651 in
986 592 1063 650 eaelo
1080 600 1212 672 quaerunt

297 669 347 731 50.
386 669 494 730 Nonne
519 692 625 732 monus
648 693 721 732 meu.
760 669 813 732 llis
837 670 934 732 verbis
958 671 1086 730 admonet
1102 671 1241 748 l’mpbeta,
1269 691 1309 732 ue·

219 765 276 828 que
306 761 391 822 aum,
420 767 514 829 neque
542 750 667 830 pretioso
695 751 794 832 templi
818 753 936 822 orbata,
965 769 1060 830 neque
1082 751 1205 811 sauiliciis
1221 750 1310 810 Deum

217 826 351 908 indigere.
400 825 483 889 Unde
506 831 648 911 sequitur,
676 849 774 891 vemm
800 831 860 890 eins
885 831 994 892 cultum
1014 832 1169 890 ceremoniis
1183 851 1234 889 ooo
1250 849 1309 889 coo-

217 907 309 968 tioeri.
359 905 436 968 Nihil
464 909 539 970 enim
563 927 663 970 eorum
687 927 761 990 qnae
786 911 826 969 illi
851 910 996 970 offerimus
1020 929 1072 969 soa
1091 927 1169 968 mosa
1184 909 1311 980 desidm

218 986 269 1044 sed
291 993 402 1047 tantum
427 994 459 1048 ut
482 1007 537 1050 nos
561 995 691 1051 exerceat
718 991 747 1048 in
764 989 865 1049 studio
888 991 1015 1071 pictatis,
1045 989 1122 1069 quod
1143 997 1311 1068 argumentum

99 1099 107 1116 ·
216 1063 308 1125 motus
332 1073 470 1126 tractatur
493 1065 568 1126 Psal.
588 1071 637 1131 50.
681 1067 742 1128 Etsi
766 1070 842 1128 enim
865 1068 998 1150 pudenda
1025 1075 1070 1127 eat
1092 1068 1210 1140 fatuitas,
1234 1065 1311 1128 Deum

217 1143 293 1205 velle
322 1145 463 1206 sacrificiis
492 1165 621 1226 pascere,
650 1149 705 1207 nisi
728 1155 824 1208 tamen
847 1149 877 1208 iu
900 1167 934 1208 ea
959 1147 1077 1208 demerui
1095 1155 1183 1206 essem
1199 1147 1311 1226 hypocri-

216 1229 278 1320 tae,
298 1243 356 1320 opo
376 1225 447 1286 tanti
466 1243 513 1320 rsa
532 1225 653 1320 ludicras
672 1227 812 1324 saperent,
831 1228 898 1308 qnia
917 1227 1068 1322 insipidum
1087 1233 1127 1285 est
1145 1245 1234 1285 eoram
1252 1225 1311 1320 Iton

240 1303 397 1454 ιιειιῗὲῃιιῗοιιἃ
410 1303 960 1466 ddeihlimdluaeefflltiadddlidplddturlsdealr
980 1323 1314 1478 ppropppismppp'qnpppq:

213 1459 500 1621 Ptdcvdiiulellzldl'
529 1482 615 1544 quam
640 1466 743 1546 procul
762 1484 780 1529 a
798 1463 958 1528 wantum
976 1463 1111 1526 hominm
1128 1463 1255 1543 tigrneotrs
1272 1461 1312 1520 dr-

208 1655 216 1669 h

300 1729 355 1800 51.
383 1729 491 1802 Durae
512 1733 651 1818 ceruicis,
673 1746 706 1804 et
725 1735 931 1805 incircumcisi
952 1734 1048 1804 corde
1069 1745 1101 1804 et
1119 1731 1249 1802 auribus:
1266 1754 1315 1798 ros

213 1855 339 1925 semper
360 1835 492 1929 Spiritui
514 1851 624 1909 macto
645 1841 810 1910 restitistis.
860 1841 951 1910 Sicut
973 1840 1082 1910 Patres
1101 1835 1208 1920 vestri,
1235 1837 1315 1908 itaet

213 1963 282 2008 vos.
336 1941 390 2011 52.
424 1945 529 2030 Quem
556 1945 785 2038 Prophetarum
818 1971 885 2016 non
917 1947 1102 2040 persequuti
1133 1957 1205 2013 sunt
1227 1945 1315 2010 Patre

212 2046 331 2115 vestri?
374 2060 407 2118 et
439 2051 621 2121 occiderunt
653 2076 725 2136 cos,
758 2054 812 2144 qui
846 2054 1108 2145 praenuntiarunt
1139 2053 1179 2120 de
1203 2049 1316 2118 advento

211 2151 298 2221 lusti.
348 2152 448 2223 Cuius
480 2179 566 2227 nunc
597 2179 657 2224 vos
690 2160 867 2250 proditores
895 2169 929 2228 et
952 2159 1131 2228 homicidae
1159 2155 1229 2225 tacti
1251 2155 1316 2224 ulia

212 2259 266 2327 53.
299 2259 362 2346 Qui
384 2263 546 2355 accepistis
567 2261 686 2358 Legem
708 2263 742 2331 in
764 2263 1021 2358 dispositionibus
1041 2263 1248 2358 Angelorum,
1274 2281 1320 2327 nec

211 2365 367 2434 servastis.

289 2479 337 2554 51'.
377 2491 477 2572 Quum
501 2493 663 2592 Stephanus
688 2497 792 2560 diserte
821 2497 857 2557 ad
887 2499 981 2580 capita
1004 2496 1196 2558 accusationis
1218 2513 1270 2556 noo
1288 2511 1319 2552 rc·
1358 2481 1359 2558 l

209 2570 938 2717 ttttnntttutcultant,tu
962 2577 1107 2716 effi
1127 2577 1215 2716 ’Ἣ
1231 2579 1319 2711 *hl
1358 2667 1359 2682 ψ

161 2781 173 2806 ‚
199 2744 374 2790 'commum
403 2731 527 2792 indicum
556 2673 696 2794 debuerit.
746 2701 845 2814 Quare
869 2701 1057 2796 uou'mirum
1081 2741 1144 2810 est,
1174 2735 1199 2794 si
1224 2673 1319 2826 dirupit!

208 2813 238 2868 et
265 2808 372 2868 insanis
401 2809 571 2871 clamoribus
600 2813 682 2872 illum
712 2820 805 2874 meere
833 2815 985 2896 codgerint.
1035 2813 1073 2874 Et
1098 2815 1233 2874 videmus
1254 2819 1319 2871 euro

208 2907 275 2949 eum
306 2887 372 2948 deta
401 2909 487 2970 opera
516 2891 608 2972 longis
637 2893 872 2954 insinuationibus
902 2913 987 2955 usum
1014 2912 1092 2970 esse,
1122 2901 1158 2954 nt
1188 2913 1237 2954 cos
1259 2889 1320 2970 quai

208 2971 304 3026 truces
329 2967 437 3028 belluas
461 2969 607 3031 mmeemt.
648 2971 706 3032 Sed
730 2973 845 3044 illomm
870 2973 977 3034 rabiem
995 2979 1065 3034 tuno
1083 2973 1176 3033 luisse
1197 2987 1320 3032 amenum

184 3067 187 3074 ’
206 3045 353 3126 probabile
377 3053 434 3122 est,
465 3069 555 3130 quum
578 3052 739 3112 ostenderet
757 3051 863 3132 legem
887 3052 923 3112 ab
942 3054 1010 3134 ipsis
1027 3053 1157 3132 pessime
1175 3053 1260 3113 laima
1275 3069 1321 3108 cor·

207 3145 241 3186 ru
262 3131 336 3200 tam,
375 3128 515 3210 templum
548 3149 648 3191 nomm
678 3131 923 3212 superstitionibus
951 3131 1095 3214 pollutum
1125 3139 1159 3193 et
1189 3131 1262 3212 apud
1284 3145 1321 3186 coa

206 3205 264 3264 ni'
301 3224 364 3266 osse
392 3210 550 3283 sincerum,
579 3212 647 3292 quia
676 3213 706 3269 in
735 3211 818 3270 nudis
846 3211 943 3294 liguris
963 3212 1128 3287 haerentes,
1159 3207 1322 3292 spiritualiter

205 3281 304 3344 Deum
333 3305 391 3345 non
421 3288 561 3365 colerent,
591 3291 660 3370 quia
685 3291 858 3350 ceremonias
881 3311 941 3351 non
965 3292 1103 3352 referient
1127 3291 1171 3350 ad
1191 3289 1322 3350 ωεΙαιιιι

206 3371 219 3424 t
240 3383 319 3446 pum.
370 3363 535 3442 Caeterum,
564 3369 618 3428 etsi
643 3389 702 3429 non
727 3377 804 3430 recta
829 3371 925 3430 statim
949 3373 978 3430 in
998 3391 1114 3431 causam
1131 3373 1275 3452 ingressos
1290 3370 1322 3423 od

205 3385 383 3525 blephanns,
413 3446 462 3506 sed
490 3449 627 3529 paulatim
656 3449 745 3509 lenita
772 3449 881 3510 lenones
911 3452 1021 3510 animos
1044 3453 1183 3524 tentavit,
1213 3447 1323 3531 apposite

205 3530 301 3584 tomen
330 3524 463 3586 disacmit
492 3528 527 3586 ad
557 3529 736 3609 purgandum
762 3531 840 3611 quod
869 3529 911 3590 illi
936 3526 1080 3590 obi6ctum
1102 3529 1201 3589 lucrat
1224 3531 1321 3589 minm-

204 3601 275 3666 Dno
294 3603 373 3677 hacc,
394 3611 426 3664 ut
446 3605 553 3667 dictum
573 3616 625 3678 eet,
644 3609 796 3690 praecipua
816 3617 897 3668 erant
915 3609 1091 3704 quaestionis
1111 3611 1223 3688 capitae
1279 3601 1322 3664 uod

205 3683 234 3741 in
254 3681 350 3742 Deum
369 3703 411 3748 ac¹
423 3685 483 3745 eius
503 3687 644 3767 templum
669 3687 890 3748 contumeliosus
914 3690 1013 3748 luisset
1032 3685 1213 3768 Stephanus:
1280 3682 1322 3744 nod

205 3761 310 3844 Legem
334 3762 471 3846 abrogare
495 3773 614 3826 conatos
638 3773 722 3828 essct
768 3765 945 3848 Stephanus,
976 3773 1009 3828 nt
1033 3767 1191 3828 calumnias
1210 3768 1276 3826 istas
1293 3762 1322 3820 di

204 3841 305 3917 luerat,
325 3861 343 3902 a
362 3845 512 3904 vocatione
527 3843 662 3907 Abrahae
681 3863 810 3913 morsus,
830 3845 948 3908 ludaeos
967 3866 1027 3907 noo
1045 3853 1163 3918 natura,
1193 3866 1253 3905 noo
1274 3843 1322 3901 tore

204 3923 336 4002 proprio,
374 3943 432 3983 non
464 3944 582 4004 opemm
612 3928 732 3986 meritis
783 3925 878 3987 ntibus
907 3927 1079 4007 praecellere
1109 3925 1250 3996 ostendit,
1284 3919 1321 3980 sd

256 4001 330 4060 tuito
353 4003 516 4084 privilegio,
546 4004 624 4084 quod
644 4003 725 4065 Deus
749 4025 779 4065 rn
801 4002 930 4067 Abrabae
950 4024 1075 4086 persona
1093 4024 1144 4067 eos
1162 4003 1321 4086 adoptasti

111 4105 114 4112 ·
228 4079 284 4137 acit
309 4079 436 4141 similiter
460 4081 498 4142 ad
521 4101 650 4160 causam,
680 4085 758 4166 quod
783 4085 884 4146 foedus
902 4085 1001 4146 salutis
1021 4103 1088 4146 cnm
1107 4083 1254 4146 Abrabam
1272 4098 1321 4175 ptr·

101 4155 118 4164 ”
204 4173 321 4214 cussum
346 4165 419 4231 crat,
449 4169 603 4242 autequam
622 4172 697 4224 esset
715 4164 869 4246 templum,
899 4165 1088 4240 ceremoniae,
1119 4165 1250 4244 adeoque
1273 4173 1322 4254 ψ’

205 4233 391 4328 eipeumcisio.
431 4235 544 4313 Quibus
563 4241 648 4302 rebus
671 4244 709 4302 ita
729 4242 922 4325 gloriabantur
940 4243 1051 4318 ludaei,
1080 4249 1115 4304 ut
1138 4243 1250 4304 nullum
1273 4255 1323 4330 ⁸1⁰}

203 4309 261 4369 alhs
290 4307 347 4369 Der
375 4311 484 4373 cultum
513 4319 678 4402 nullamque
712 4325 889 4384 moditatem
922 4341 985 4384 csse
1014 4323 1148 4384 ueneno
1200 4319 1323 4382 namra

181 4393 303 4512 'lm'
328 4405 415 4467 imm
438 4393 556 4456 mirifica
585 4407 615 4461 et
639 4417 726 4480 quam
751 4403 901 4483 multiplex
924 4402 1024 4465 luisset
1047 4421 1116 4484 erga
1135 4421 1226 4484 gersus
1243 4397 1322 4461 aaa
