2792 4856
519 297 526 310 ·
564 231 747 337 eururn
1188 288 1228 346 33

89 409 179 450 snum
200 393 252 450 est.
294 391 441 452 Nondum
466 397 542 450 sealt
567 391 644 451 loro
666 413 739 452 mro.
785 387 934 470 Significat
957 413 986 453 se
1008 393 1144 458 haetenus
1167 419 1228 459 nou

89 469 1227 634 iffidistinxisseinstitituit.‘ibatis

217 591 225 623 i

90 629 170 710 quod
189 630 393 711 intempestive
410 628 529 704 festinet,
549 631 590 689 ita
603 649 716 690 rursum
731 629 859 690 miraculi
874 649 956 712 spem
966 631 1042 692 facit.
1066 633 1226 718 Utrumque

86 709 220 790 agnoscit
239 715 345 768 sancta·
361 708 448 789 virgo,
466 727 560 788 neque
579 711 656 770 enirn
676 711 797 791 amplius
816 729 883 770 eum
899 711 1060 793 compellat.
1085 712 1122 774 Et
1136 709 1226 796 quum
1290 713 1293 720 ⁴

86 789 239 848 ministros
262 788 393 848 admonet
411 795 443 848 ut
462 791 510 870 qui
550 789 598 850 uid
617 790 666 850 ille
684 792 860 872 praeceperit
879 790 1000 866 faciam,
1018 811 1129 854 novum
1147 797 1226 875 quid-

86 867 161 928 dam
181 885 300 948 sperare
318 887 348 928 se
365 869 492 930 ostendit.
560 877 688 930 aeterum
708 868 779 930 baec
799 870 924 930 doctrina
943 871 1029 931 latius
1071 879 1138 948 atet,
1157 895 1226 954 quo-

84 949 150 1008 ties
169 945 314 1008 Dominus
330 961 382 1008 nos
401 954 479 1010 tenet
504 967 673 1032 suspensos,
703 951 898 1030 auxiliumque
922 969 1007 1010 suum
1054 952 1141 1027 'uam
1171 974 1231 1014 non

85 1029 163 1088 ideo
183 1027 370 1108 torpere‚.sed
388 1030 485 1110 potius
505 1048 593 1168 ppera
612 1049 666 1091 sua
685 1031 726 1090 sie
744 1029 895 1103 moderari,
914 1035 948 1090 ut
964 1029 1036 1090 nihil
1055 1033 1110 1094 nisi
1126 1053 1230 1114 oppor-

87 1114 171 1168 tune
197 1113 266 1188 agat.
314 1105 373 1186 Qui
401 1109 440 1170 ad
465 1108 505 1168 sat
535 1129 581 1169 ern
612 1116 777 1192 temporum
801 1110 1008 1172 ordinationem
1032 1110 1109 1172 hune
1132 1113 1231 1174 locum

87 1192 241 1248 traxerunt
263 1207 293 1248 m
329 1189 352 1247 's
375 1194 445 1248 suut
471 1189 596 1264 ridiculi,
626 1209 714 1271 pam
733 1197 767 1250 ut
786 1189 873 1252 verbo
894 1209 953 1250 nno
973 1193 1009 1250 sit
1029 1211 1101 1286 opus
1120 1192 1157 1250 ad
1178 1212 1230 1252 eos

86 1267 268 1326 refellendos.
335 1287 386 1328 ora
401 1266 510 1330 Christi
529 1269 683 1350 aliquando
703 1269 816 1344 dicitur,
836 1288 910 1350 quae
929 1269 971 1330 illi
990 1270 1127 1330 desbnata
1147 1278 1229 1332 esta

84 1343 194 1406 Patres·
222 1344 260 1406 Et
275 1353 391 1430 'tempus
410 1369 495 1409 suurn
514 1357 615 1488 postea
634 1349 764 1424 vocabit,
810 1351 868 1411 uod
893 1349 934 1409 illi
955 1349 1136 1410 commodum
1156 1358 1228 1426 erat,
1298 1384 1306 1396 .

84 1431 120 1486 et
140 1434 237 1506 aptum
256 1427 294 1488 ad
313 1429 496 1510 exsequenda
541 1429 608 1490 atris
628 1429 776 1494 mandata:
828 1449 864 1490 oe
888 1436 988 1508 autem
1005 1431 1069 1490 loco
1089 1433 1227 1512 temporis

84 1503 130 1565 ad
147 1507 287 1588 agendum
307 1510 439 1569 sumendi
459 1516 488 1569 et
506 1509 626 1591 eligendi
646 1510 795 1572 arbitrium
815 1509 868 1570 sibi
887 1509 1019 1570 vindicat.
1113 1505 1117 1512 ’

168 1589 198 1649 5.
218 1589 303 1648 Druse
321 1597 417 1650 muter
436 1597 499 1650 etas
517 1599 671 1652 mintetm.
710 1587 766 1650 ilic
784 1596 883 1650 sancta
902 1592 984 1670 virgo
1005 1591 1148 1670 specimen
1168 1589 1228 1650 edit

85 1681 174 1724 verae
193 1665 379 1745 obedientiae,
410 1687 497 1748 quam
522 1669 584 1730 filio
603 1671 733 1745 debebat,
761 1669 810 1729 ubi
830 1689 889 1730 uun
909 1669 945 1729 de
964 1669 1096 1730 humanis
1116 1669 1227 1742 officiis,

87 1745 143 1805 sed
159 1745 256 1805 divina
276 1749 337 1808 eius
356 1750 485 1830 potentia
505 1751 647 1830 agebatur.
677 1749 806 1810 bladaste
825 1751 913 1831 igitur
933 1751 1087 1830 acquiescit
1103 1751 1133 1810 iu
1144 1751 1227 1810 Chri-

83 1824 125 1884 sti
144 1845 294 1906 responso,
313 1828 442 1908 aliosque
462 1829 589 1890 similiter
607 1829 739 1890 hortatur
757 1837 790 1890 ut
810 1832 871 1890 eius
887 1831 1007 1925 imperio
1018 1837 1145 1910 pareant.
1175 1827 1227 1890 Fe-

79 1911 152 1964 teor
172 1905 289 1984 quidem
307 1925 346 1966 ex
365 1909 576 1968 circumstantia
594 1911 737 1990 praesenti
755 1911 895 1990 virginem
920 1929 960 1969 sre
979 1909 1009 1972 lo
1030 1916 1133 1968 nutam
1158 1927 1229 1982 esse,

80 1985 151 2044 acsi
180 2001 218 2042 ne
254 1993 299 2044 ret
326 1985 382 2044 hac
404 1987 437 2044 in
459 1995 541 2066 parte
566 1991 719 2066 quicquam
743 1989 794 2047 sibi
813 2009 875 2048 esse
894 1989 976 2064 iuris,
1007 1929 1155 2048 duratum
1175 2007 1226 2046 suu
1284 2005 1290 2012 ·

13 2105 15 2118 .
78 2064 218 2120 mriusa
252 2063 317 2122 itrio
336 2064 482 2122 iacturum
501 2065 580 2142 quod
598 2067 744 2144 placuerit.
793 2067 851 2126 Sed
876 2069 900 2125 si
919 2069 978 2128 eius
998 2068 1147 2140 consibunr
1167 2085 1229 2146 spe·

78 2147 165 2214 cres,
190 2139 277 2199 latius
296 2147 376 2220 patet
393 2141 467 2199 haee
485 2143 631 2200 sententia.
679 2143 826 2202 Potestnte
844 2147 929 2216 enim,
954 2165 1041 2222 quam
1059 2146 1112 2204 sibi
1131 2165 1232 2224 perpe-

13 2253 15 2310 ξ
80 2239 154 2281 ram
182 2219 339 2314 sumpsisse
357 2219 448 2279 videri
466 2226 590 2300 poterat,
619 2241 651 2281 se
675 2220 787 2281 abdicat
809 2223 936 2302 primurn
959 2230 988 2280 et
1011 2225 1102 2282 exuit:
1133 2225 1233 2290 deinde

82 2305 185 2360 totum
206 2318 257 2357 unr
269 2297 384 2357 Christo
404 2301 514 2374 asserit,
535 2317 624 2380 quum
643 2301 822 2381 sequendum
841 2301 979 2382 praecipit
993 2301 1054 2358 eius
1073 2302 1232 2382 imperium.

82 2377 168 2460 Ergo
189 2378 358 2459 generaliter
377 2377 445 2438 bine
466 2379 611 2454 docemur,
631 2381 655 2440 si
676 2380 745 2460 quid
765 2383 925 2462 expetimus
945 2379 1087 2440 aCbristo
1107 2401 1165 2440 nou
1185 2381 1233 2440 ali-

13 2463 15 2512 Γ
85 2466 134 2518 ter
152 2477 208 2520 uos
228 2465 372 2518 votorum·
384 2457 446 2519 lore
465 2466 621 2540 compotes,
644 2461 700 2520 nisi
719 2459 755 2520 ab
775 2462 838 2542 ipso
859 2463 913 2520 toti
931 2459 1096 2542 pendemus,
1115 2461 1145 2518 in
1165 2477 1230 2519 eum

13 2575 14 2580 κ
86 2527 267 2624 respicimus,
291 2537 412 2599 iacimus
436 2538 558 2620 deniqne
579 2539 714 2636 quiequid
732 2540 819 2601 iubet.
870 2539 960 2622 Atqui
980 2559 1034 2600 nos
1053 2539 1089 2599 ad
1109 2547 1229 2600 matrem

13 2675 14 2692 p
85 2637 151 2677 nou
169 2617 288 2699 ablegat,
309 2618 360 2678 sed
378 2619 416 2678 ad
434 2637 465 2678 se
484 2621 585 2679 invitat
603 2627 707 2700 potrus.
916 2645 921 2656 ·
1251 2618 1260 2648 ’

13 2695 15 2720 ⁵
169 2700 197 2760 6.
236 2699 337 2758 Erant
361 2707 458 2760 autern
481 2701 544 2761 ute
567 2703 697 2782 hydriae.
742 2697 788 2762 Ex
818 2721 851 2762 su
872 2703 1020 2782 putatione
1045 2699 1152 2762 Bndaoi
1176 2699 1256 2762 has.

86 2775 206 2858 hydrias
226 2777 382 2838 admodum
400 2795 432 2838 ca
454 2799 518 2840 aces
533 2779 620 2840 fuisse
635 2781 802 2864 colligimus.
856 2799 901 2840 am
913 2803 1003 2862 quum
1012 2787 1132 2842 metreta
1141 2781 1228 2840 iaciat
1348 2840 1358 2862 .

87 2865 344 3019 iiiiiiiii’.
356 2877 429 3019 tt.
448 2863 1228 3022 ntttttttplttttlttttttlstt.

88 3018 155 3100 plus
176 3023 290 3078 centum
311 3024 340 3078 et
359 3019 561 3101 quinquaginta
576 3021 737 3081 hominibus
752 3021 894 3082 sufficeret
908 3023 944 3080 ad
954 3021 1044 3080 hilare
1054 3020 1228 3079 convivium.

89 3097 174 3158 Adde
193 3097 272 3178 qnod
290 3103 350 3158 tam
368 3119 504 3172 uumerus
523 3098 691 3179 hydriarum
816 3101 918 3161 modus
943 3103 1005 3180 ipse
1031 3099 1068 3157 ad
1096 3115 1228 3188 compro·
1312 3167 1315 3176 .

89 3178 213 3237 bundam
232 3179 362 3239 miraculi
380 3179 528 3240 veritatem
547 3181 623 3240 saeit.
655 3179 687 3242 si
728 3201 765 3240 uo
785 3187 897 3240 tantum
918 3187 967 3239 aut
987 3187 1045 3238 tres
1056 3178 1150 3255 congii
1160 3176 1227 3234 luis-

91 3263 167 3330 sent,
184 3259 322 3340 suspicari
340 3258 422 3318 multi
440 3266 575 3339 poterant
594 3260 707 3318 aliunde
726 3259 813 3319 tuisse
823 3255 971 3320 advectos.
999 3257 1033 3316 Si
1047 3259 1155 3316 invase
1167 3263 1228 3315 tnu-

90 3344 157 3396 tum
177 3355 232 3396 nno
250 3338 327 3398 laeta
345 3337 445 3396 fuisset
463 3339 611 3396 conversio
632 3357 724 3417 aquae
742 3339 773 3396 in
791 3341 905 3410 vinum,
934 3359 995 3398 nou
1018 3340 1058 3396 ita
1078 3337 1230 3416 perspicua

89 3421 249 3497 testataque
269 3418 371 3477 fuisset
390 3417 520 3474 miraculi
539 3418 687 3477 certitudo.
732 3413 800 3473 Non
819 3417 923 3476 frustra
942 3420 1027 3496 igitur
1046 3413 1127 3473 Euan
1148 3415 1230 3472 elista

90 3517 244 3558 numerum
262 3502 477 3568 commemorat,
496 3515 551 3555 neo
565 3493 670 3554 trustra
683 3491 817 3573 exprimit
827 3501 964 3571 quantum
973 3499 1117 3572 caperent.
1130 3435 1231 3549 burro

90 3575 148 3636 hoc
167 3595 206 3636 ex
224 3597 259 3638 su
278 3577 423 3638 cratitione
443 3582 543 3636 natum
563 3580 633 3648 erat,
652 3579 684 3632 ut
703 3579 748 3631 tot
767 3589 801 3631 uc
820 3578 881 3631 tam
900 3591 945 3630 arn
967 3573 995 3630 la
1009 3589 1079 3632 vasa
1099 3570 1231 3648 illicpro·

90 3663 208 3718 starent.
239 3599 382 3718 demendi
402 3657 517 3737 quidem
537 3657 625 3716 ritum
643 3651 785 3712 habebant
804 3671 841 3712 ex
856 3649 934 3732 Lege
995 3651 1015 3724 i,
1035 3649 1085 3708 sed
1104 3655 1137 3708 ut
1151 3667 1232 3708 muu-

91 3737 148 3795 dus
167 3755 280 3819 semper
298 3737 401 3797 nimius
421 3743 464 3798 est
489 3738 519 3796 in
543 3733 791 3808 rebusexternis,
820 3732 918 3794 Iudaei
935 3729 1109 3813 praescripta
1128 3747 1145 3789 a
1164 3727 1230 3789 Deo

90 3817 274 3954 simplicitate
293 3837 352 3877 nou
372 3813 498 3912 contenti
517 3816 657 3954 continuis
675 3813 887 3954 ¹aspersiombuu
907 3810 1057 3952 lrpdebapt:
1087 3817 1173 3891 atque
1194 3815 1232 3912 ⁴ut

91 3903 244 4051 &siff
260 3903 611 4058 ..tttltftbuttt
633 3901 1230 4056 .”rttt⁸‘.ttl..?⁰tttt¹..tltt

89 4055 151 4116 Dei
169 4057 280 4118 cultum
300 4059 439 4138 pertinere
458 4057 601 4132 dicuntum,
620 4055 657 4128 ad
675 4075 784 4116 meram
803 4055 1022 4116 ostentationem
1041 4069 1229 4132 mmcompo·

89 4135 155 4203 sita.
197 4133 318 4219 Duplex
336 4153 405 4219 ergo
424 4137 526 4196 vitium
545 4142 618 4196 erat:
650 4133 727 4215 prod
751 4133 858 4215 absque
877 4133 934 4195 Dei
952 4134 1087 4194 mandato
1107 4133 1137 4192 in
1157 4131 1228 4190 licti-

90 4217 137 4276 cia
157 4221 188 4277 et
207 4236 384 4298 supervaeua
402 4217 564 4277 ceremonia
582 4223 688 4276 temere
708 4233 739 4276 se
759 4213 949 4298 occupabantr
970 4214 1080 4285 deinde,
1100 4211 1177 4292 qnod
1188 4227 1230 4268 re-

90 4296 207 4378 ligionis
226 4303 377 4378 praetextu
395 4297 513 4359 ambitio
532 4298 563 4357 in
581 4297 633 4356 illo
652 4301 790 4392 apparatu
809 4295 952 4378 regnabat.
1002 4293 1074 4353 blira
1094 4309 1181 4371 porro
1201 4289 1240 4379 iu¹

91 4373 209 4459 Papatu
239 4379 417 4458 quorundam
440 4377 616 4440 nebulonum
640 4375 694 4440 furt
715 4375 895 4456 improbitas,
924 4375 973 4456 qui
998 4373 1115 4452 hydrias
1134 4369 1231 4459 obtur-

91 4458 161 4518 dere
181 4457 244 4518 ausi
263 4463 340 4532 sunt,
370 4460 494 4540 primum
514 4459 635 4538 exiguae
652 4461 823 4533 mensurae
840 4455 942 4516 deinde
961 4456 1049 4514 etiarn
1067 4445 1232 4522 inaequale-

117 4552 228 4596 sutrim
242 4553 264 4594 in
277 4555 401 4615 licebant.
416 4557 478 4597 non.
488 4555 531 4597 111.
1002 4535 1021 4590 3
