2742 4856
141 197 204 262 aaa
526 169 589 252 ἰιι
611 159 717 254 acar
735 185 873 252 arusr.
919 159 922 168 ’

176 331 177 334 ’
223 311 271 372 33.
290 309 378 370 Fila'ta
395 329 505 382 aarum,
524 329 625 388 mapa
642 307 734 368 mlta.
755 303 875 365 Certum
893 307 938 366 est
958 301 993 374 de
1012 306 1191 368 naturalibus
1209 305 1274 370 titi·

144 391 225 470 loqui
244 387 380 464 Paulum,
404 389 453 468 qui
473 387 610 466 originem
629 405 647 446 a
665 385 769 446 sanctis
788 383 918 465 patribus
936 381 1091 462 ducebant,
1111 388 1192 469 qnod
1211 389 1274 452 ideo

143 469 301 530 notandum
325 475 384 542 cst,
412 468 479 547 quia
504 465 617 526 fanatici
641 465 758 546 quidam
781 465 877 524 omnia
902 462 939 523 ad
963 463 1111 545 allegorias
1132 467 1276 530 trahentes

143 549 257 610 nullam*
276 547 324 608 hic
346 548 470 628 generis,
499 546 550 606 aad
572 545 659 604 solius
682 543 751 604 lidei
774 544 914 603 rationem
938 541 1094 605 habendam
1119 549 1275 609 somniant.

144 627 207 690 Tali
231 634 327 688 autem
352 632 515 688 commento
537 643 650 684 sacrum
672 621 730 682 Dei
753 622 855 682 ioedua
880 623 1060 700 exinaniunt,
1083 624 1134 686 ubi
1158 627 1275 688 dicitnr:

143 705 201 766 Ero
221 706 301 767 Deua
321 713 388 768 tuus
407 712 437 766 et
455 703 567 766 seminis
586 703 637 762 tui.
677 700 762 776 Sole,
781 703 929 782 inquiunt,
948 701 1019 762 fides
1038 710 1095 778 est,
1114 725 1189 785 quae
1214 707 1276 766 elli·

96 793 103 804 '
144 790 184 848 cit
206 787 339 848 Abrahae
368 785 451 846 lilios.
497 781 560 864 Ego
584 788 681 842 autem
705 788 804 842 eontra
829 783 955 863 excipio,
985 779 1046 860 Qui
1069 783 1199 846 Abrahae
1224 785 1278 846 lilii

111 889 115 904 ·
142 873 299 930 naseuntur
328 865 484 926 secundum
507 881 621 924 manem
645 859 812 943 spirituales
837 881 953 941 quoquc
978 864 1088 922 censeri
1111 863 1168 924 Dei
1192 863 1277 935 lilios,

143 948 197 1007 nisi
216 966 268 1006 aua
286 945 452 1006 infidelitate
472 943 649 1024 degenerent
684 939 767 1001 Rami
787 941 862 1000 enim
880 947 983 1000 natura
1002 943 1190 1019 sanctisunt,
1210 945 1275 1026 qnia
1360 968 1362 983 ¹

142 1045 182 1088 ex
200 1032 298 1085 sancta
317 1024 409 1085 radice
427 1023 582 1104 progeniti,
607 1021 698 1080 donec
717 1021 788 1080 vilio
813 1039 865 1079 saro
884 1019 1086 1102 profanescant
1106 1017 1205 1099 (Rom.
1229 1027 1274 1097 11,

92 1147 94 1158 ·
143 1106 214 1185 aa).
258 1103 296 1164 Ει
325 1111 402 1166 certe
425 1103 574 1162 consilium
597 1098 679 1160 Pauli
704 1105 760 1174 est,
784 1095 903 1160 iudaeos
926 1099 964 1160 ad
983 1099 1130 1162 Christum
1149 1103 1274 1164 allicere:

44 1184 48 1200 ‘
143 1183 222 1266 quod
240 1190 274 1246 ut
292 1182 351 1259 liat,
370 1181 518 1264 privilegio
539 1181 659 1240 discerni
677 1197 728 1240 eos
748 1185 778 1239 et
796 1179 886 1240 eximi
904 1179 940 1240 ab
956 1181 1055 1242 ordine
1069 1181 1273 1264 vulgariopor·

142 1271 193 1324 tet.
233 1261 333 1344 Neque
350 1261 416 1322 inde
435 1263 563 1342 sequitur
582 1259 660 1397 qlqod
680 1259 777 1320 odiose
797 1257 941 1320 obiectant
958 1259 1115 1320 nebulones
1134 1263 1193 1336 isti,
1214 1280 1272 1322 ear·

141 1343 200 1404 nali
224 1343 323 1404 semini
347 1341 491 1420 alligatam
516 1359 577 1400 esse
627 1339 654 1398 ei
677 1341 809 1419 gratiam:
835 1340 903 1419 quia
932 1341 983 1398 etsi
1007 1339 1195 1400 haereditaria
1219 1341 1275 1402 luit

141 1423 263 1503 posteris
286 1420 417 1482 Abrahae
440 1421 516 1480 vitae
540 1419 705 1500 promissio,
731 1418 837 1479 multos
856 1425 952 1482 tamea
989 1419 1091 1478 rivarit
1109 1438 1161 1478 sua
1181 1421 1275 1480 incre·

142 1503 253 1561 :inlitam
292 1499 373 1560 Facit
390 1519 458 1579 crgo
477 1499 558 1571 lides,
577 1505 611 1558 ιιι
629 1519 667 1558 ex
685 1517 788 1577 magna
805 1496 890 1558 turba
909 1499 938 1557 in
988 1499 1020 1556 iis
1075 1500 1122 1558 nei
1137 1518 1275 1560 censean-

140 1585 201 1640 tur:
231 1599 284 1660 per
311 1579 410 1640 fidem*
430 1597 498 1638 vero
523 1577 604 1638 Deus
627 1597 695 1638 suos
720 1584 856 1673 scgreqst.
900 1575 997 1656 Atque
1024 1517 1075 1636 illl
1096 1577 1206 1659 duplex
1231 1583 1275 1638 est

141 1659 360 1756 electio,·euius
384 1664 450 1718 anta
473 1659 602 1756 memini:
641 1657 740 1717 Altera
763 1663 853 1717 totius
874 1657 1124 1752 gentis‘peraeque
1145 1676 1272 1754 commn-

140 1735 1274 1901 liaathletis:l‘tl“liihb‘lthtbttltbll-

141 1899 280 1972 mueitur,
310 1905 343 1957 ιιι
365 1917 452 1978 penes
482 1897 611 1956 homines
642 1903 702 1956 rata
735 1896 780 1955 sit.
828 1893 895 1956 Rite
928 1915 997 1974 ergo
1027 1893 1135 1956 Paulus
1163 1895 1272 1956 Indaeis

138 1979 305 2062 praestitum
324 1995 386 2038 esse
405 1977 557 2047 contendit,
576 1975 655 2056 quod
673 1973 799 2056 patribus
818 1972 899 2035 Deus
918 1974 1100 2056 promiserat:
1119 1993 1187 2036 nam
1202 1976 1271 2056 ipsis

143 2073 260 2137 quoque
285 2058 457 2138 promissum
486 2055 592 2132 iuerat,
621 2057 695 2116 sicut
717 2053 867 2114 Zacharias
896 2055 926 2114 in
953 2073 1006 2114 suo
1036 2055 1147 2115 cantico
1174 2073 1273 2136 perso·

140 2143 190 2199 nat
214 2135 301 2212 (huo.
321 2140 350 2212 1,
369 2137 447 2214 ih),
471 2135 668 2196 Iusiurandum
692 2134 771 2215 qnod
794 2134 900 2194 iuravit
917 2132 1051 2194 Abrahae
1069 2137 1143 2230 patri
1161 2141 1273 2208 nosho,

141 2218 273 2276 daturum
297 2235 328 2276 ac
351 2215 444 2276 nobis.
461 2222 516 2275 cte.
560 2213 660 2295 Neque
684 2220 780 2274 umen
804 2213 900 2274 obstat
924 2215 1017 2295 gande
1040 2213 1113 2272 illrus
1137 2213 1274 2295 dignitas,

140 2299 209 2376 quin
235 2296 320 2356 simul
342 2297 373 2356 in
397 2301 491 2356 totum
514 2294 653 2354 mundum
678 2313 709 2354 se
729 2283 868 2353 diffundat
885 2291 993 2354 Christi
1011 2294 1112 2374 galia,
1136 2295 1206 2374 qnia
1226 2295 1273 2354 sic

139 2377 343 2516 primogenitus
367 2376 493 2456 primum
511 2379 633 2454 occupat
652 2373 768 2434 honoris
788 2372 921 2454 gradum,
946 2379 980 2433 ιιι
999 2371 1152 2433 secundnm
1170 2379 1274 2434 tamen

30 2465 35 2476 ’
151 2473 234 2514 acram
256 2451 559 2534 relinqoaubauibus.
599 2451 673 2512 Nam
693 2451 772 2533 quod
791 2454 882 2514 veteri
900 2452 1009 2534 populo
1029 2452 1158 2512 abdicato
1178 2471 1273 2514 vacua
1365 2457 1369 2530 ᾖ

138 2531 280 2594 Ecclesiae
304 2534 444 2614 possessio
469 2533 609 2592 extraneis
635 2533 732 2592 relicta
750 2531 814 2605 fuit,
833 2551 909 2592 nova
929 2531 1103 2613 colligendae
1122 2551 1160 2592 ex
1180 2533 1270 2614 genti·
1368 2561 1369 2602 3

36 2631 40 2648 ¹
139 2611 192 2672 bus
211 2610 353 2672 Ecclesiae
372 2613 467 2692 coepit
486 2630 547 2671 esse
567 2613 691 2672 occasio:
710 2611 814 2693 quodsi
831 2613 880 2672 ille
898 2611 994 2672 infide
1003 2613 1135 2687 stetisset,
1146 2611 1185 2672 ”in
1194 2631 1269 2672 corn·

139 2709 255 2752 manem
279 2691 396 2751 honoris
419 2693 583 2751 societatem
606 2691 756 2752 adiunctae
775 2691 895 2751 luissent
913 2699 1019 2772 gentes

219 2775 368 2832 Scaeuam
395 2772 521 2831 Christo.
566 2767 620 2830 Hic
643 2771 798 2830 suscitandi
822 2770 941 2832 verbum
965 2789 1029 2830 meo
1054 2769 1161 2833 iudicio
1183 2771 1268 2832 latins

138 2854 217 2930 patet
236 2869 323 2929 quam
342 2849 391 2910 nbi
409 2849 495 2930 panio
514 2857 581 2930 pust
599 2853 745 2932 repetitur.
764 2849 866 2931 Neque
885 2852 962 2911 enim
980 2855 1092 2910 tanturn
1107 2851 1177 2912 dicit
1186 2851 1266 2910 Chri·

138 2935 214 2996 stum
233 2932 421 2990 resurrexisse
439 2949 456 2988 a
476 2931 605 3004 mortuis,
624 2929 674 2990 scd
693 2931 827 2992 divinitus
846 2930 1016 3003 ordinatum,
1035 2937 1065 2990 et
1085 2932 1167 3009 quasi
1182 2949 1266 2992 mauu

137 3005 193 3066 Dei
215 3003 388 3089 productum
407 3011 436 3068 in
456 3009 565 3082 lucem,
588 3015 622 3070 ιιι
640 3009 759 3070 Messiae
782 3016 878 3092 parles
897 3011 1043 3090 impleret,
1067 3010 1145 3070 sicat
1162 3011 1266 3090 passim

137 3087 222 3147 ducet
240 3088 400 3169 Scriptura,
433 3090 550 3150 excitari
569 3109 587 3148 a
607 3087 732 3149 Domino
751 3088 845 3170 Reges
864 3095 895 3151 et
913 3088 1086 3170 Prophetas:
1116 3107 1184 3149 narn
1202 3107 1265 3148 ver·

138 3166 207 3226 burn
228 3165 373 3242 ἀναςῆσαι
395 3168 450 3229 hoc
475 3188 559 3228 sensu
584 3169 726 3229 interdum
750 3171 869 3249 capitur.
909 3167 987 3228 Haec
1013 3174 1109 3228 anim
1129 3170 1201 3228 ratio
1219 3186 1268 3230 uae

137 3253 249 3320 movet,
270 3245 436 3324 quochus
459 3249 549 3308 lilium
574 3268 658 3309 sunm
680 3249 710 3308 in
729 3248 868 3309 mundum
886 3247 1024 3310 mittendo
1044 3249 1262 3329 premissionem

137 3327 207 3385 ohan
226 3327 314 3384 servis
333 3329 391 3387 suis
411 3328 504 3388 datam
524 3328 653 3388 exhibuit
670 3331 732 3409 ipso
752 3329 863 3388 effectu.

145 3447 150 3468 ι
216 3410 300 3466 stoa
323 3415 350 3466 et
374 3417 407 3468 to
431 3411 554 3470 Psalmo
572 3411 706 3470 seeundo.
745 3407 871 3469 Tametsi
893 3409 1063 3470 innumero
1086 3408 1268 3469 consentiunt

138 3486 230 3566 graeei
254 3485 380 3560 codices,
403 3507 464 3556 non,
485 3496 579 3572 tarsen¹
602 3489 838 3568 praetereundum
862 3488 941 3568 qnod
964 3487 1099 3550 Erasmus
1125 3487 1269 3566 admonet,

135 3565 243 3623 multos
268 3583 305 3624 ex
329 3567 470 3628 veteribus
495 3567 641 3626 Psalmum
666 3569 791 3648 primum
815 3569 924 3648 legisse.
968 3566 1007 3628 Ει
1031 3567 1093 3628 lieri
1119 3573 1268 3649 potestat

135 3641 229 3728 Lucas
248 3643 287 3703 ita
307 3648 462 3727 scripserit:
482 3667 549 3707 nam
570 3649 618 3727 qui
639 3647 722 3707 hodie
741 3649 881 3708 secundus
901 3645 1032 3709 Psalmus
1051 3647 1188 3720 habetur,
1206 3667 1269 3708 nun

19 3729 22 3741 '
136 3727 197 3784 sine
226 3725 335 3784 ratione
363 3729 471 3806 primas
491 3731 586 3787 vocari
606 3729 713 3806 potuit,
744 3728 857 3807 quando
877 3727 1024 3823 Psalmhm
1052 3729 1179 3808 primum
1202 3747 1269 3808 pro·

69 3815 72 3826 ·
137 3803 230 3863 babile
254 3807 299 3864 eat
319 3805 452 3865 ascribis
472 3813 502 3866 ct
521 3805 725 3880 sacerdotibus,
749 3827 872 3887 quorum
897 3827 914 3866 o
935 3825 983 3866 cra
1001 3827 1032 3866 ιιι
1051 3827 1143 3868 ιιιιιιιιι
1163 3826 1272 3888 eorpus

136 3884 249 3944 collecti
278 3891 345 3944 sunt
365 3883 483 3958 Psalmi,
512 3887 651 3968 prooemii
677 3886 739 3945 vire
768 3887 855 3946 luisse
884 3887 1019 3946 aditum.
1063 3885 1167 3966 Neque
1191 3887 1273 3948 enim

98 4031 100 4038 ¹
135 3963 285 4023 ascribitur
312 3984 417 4026 nomen
447 3966 582 4026 auctoris:
611 3973 641 4026 et
669 3973 780 4026 tantum
803 3965 839 4026 ad
862 3963 968 4046 Legem
992 3964 1050 4026 Dei
1072 3965 1275 4026 meditandam

135 4039 274 4102 hortatur.
324 4043 382 4104 Sed
414 4047 443 4105 ia
472 4065 506 4106 ea
534 4065 566 4106 re
594 4065 653 4106 non
681 4045 803 4105 multum
832 4052 876 4106 est
904 4047 1051 4106 momenti.
1099 4043 1168 4106 Hoc
1190 4045 1276 4108 enim

134 4121 875 4265 tutttdirlisstbitadhtfflliht
893 4142 954 4264 tii
972 4123 1279 4267 tltdttbss

134 4265 201 4330 Non
222 4291 360 4366 negamus
379 4281 520 4344 Davidem
543 4283 615 4357 illio,
635 4303 726 4364 quum
749 4304 781 4344 se
799 4267 926 4366 undique
943 4225 1005 4365 pllti
1022 4284 1134 4346 videret
1151 4291 1182 4346 ct
1201 4283 1283 4366 plus

132 4364 196 4406 essa
219 4369 250 4411 ru
273 4353 403 4422 hostibus
427 4363 486 4422 suis
510 4365 653 4444 polentiae
677 4369 707 4426 et
725 4363 850 4441 rebaris,
873 4383 961 4446 quam
980 4370 1015 4426 ut
1031 4383 1086 4446 par
1104 4371 1183 4426 essct
1202 4368 1284 4430 rusi·
