2742 4856
522 229 650 292 orror
668 229 737 292 nv.
932 191 937 206 '
1128 241 1187 304 ³03

73 364 220 428 marmus
238 363 325 425 quam
345 343 456 424 longina
474 343 592 406 subinde
611 345 646 432 ap
662 365 700 406 eo
719 345 858 424 resedere,
877 346 967 410 donec
985 367 1039 410 noe
1055 356 1188 432 petemus

74 430 133 486 eius
151 433 276 507 aspectus
295 426 371 484 ultro
391 425 560 506 praeveniat.
778 475 787 494 ,
1036 441 1041 450 ·

150 511 189 568 lu
205 513 321 568 nominc
339 525 403 564 suo.
442 503 531 564 Vetus
550 505 687 586 interpres
705 503 791 566 hahet
809 501 925 568 Nemini
944 527 1012 594 suo²
1032 507 1110 588 quod
1129 509 1188 572 lere

74 585 145 644 idem
165 586 246 657 velet,
266 601 430 664 quenquam
449 585 619 664 praepositio
639 584 681 646 ixi
701 585 846 646 nansserri
864 587 945 648 aliter
958 595 1066 668 potest:
1085 605 1150 648 uem

73 665 190 746 Propter
208 684 312 724 nomen
332 683 430 736 suum,
453 663 500 722 vel
519 663 613 744 Super
632 665 747 724 nomine
766 685 828 726 sno.
868 665 928 726 Nec
946 668 1021 728 mele
1039 668 1146 748 quadra
1167 672 1189 730 it

73 765 182 808 seusus.
207 743 362 804 Fundatam
382 744 412 802 in
430 741 485 802 Dei
504 745 619 802 nomine
637 752 688 803 aut
706 746 811 804 virtute
829 765 890 804 esse
909 749 1036 826 gentium
1053 747 1186 810 sulutem:

71 843 124 882 nec
142 823 205 884 Dco
224 825 310 886 luisse
331 821 407 882 aliud
445 824 601 902 repositum
624 823 654 882 iu
680 843 777 884 earum
797 827 945 885 vocatione
964 844 1050 906 quam
1073 830 1118 888 eui
1137 849 1187 888 no·

72 905 153 962 minis
182 904 305 982 gloriam.
351 843 444 980 QuodJ
467 909 558 962 tumen
582 904 671 982 magis
695 905 830 964 usitatum
854 911 916 964 crat
939 906 1055 980 retinui,
1084 927 1187 989 nempe

73 983 149 1062 qood
169 983 229 1042 illas
248 1001 434 1042 ocrrrmocrans
455 981 559 1062 populo
574 985 1070 1060 succenserinominasnovoluerit,
1089 1007 1186 1068 quem·

73 1062 328 1142 admodompaulo
348 1068 414 1142 post
432 1061 548 1132 dicetur,
567 1061 691 1122 invocari
701 1064 760 1122 eius
773 1083 877 1124 nomen
891 1084 977 1145 super
986 1084 1093 1140 omncs,
1113 1082 1187 1146 quos

73 1143 101 1200 in
126 1140 279 1202 Ecclesiam
307 1159 386 1200 suern
415 1147 556 1221 aggregat
594 1139 768 1201 Adverhinm
787 1145 921 1223 temporie
940 1149 1040 1224 ηδιον
1058 1144 1188 1226 hilariam

70 1223 174 1300 exponi
193 1227 297 1304 poleslc
322 1223 345 1280 si
364 1221 439 1300 leges
460 1217 600 1292 Primum,
619 1227 651 1282 ut
670 1221 775 1294 lrabept
792 1231 874 1282 vetus
893 1221 1037 1304 Interpres
1055 1233 1085 1286 et
1102 1223 1187 1286 Eras-

71 1321 142 1374 mus,
162 1321 259 1366 sensus
279 1302 339 1373 erit,
360 1299 524 1360 Cornelium
543 1305 572 1360 et
590 1301 658 1360 alios
672 1299 763 1361 'luisse
782 1303 863 1381 quasi
881 1303 1029 1383 primitias,
1048 1324 1065 1365 a
1085 1307 1188 1386 quihus

70 1399 187 1442 exorsus
206 1383 244 1440 sit
259 1378 339 1440 Deus
359 1381 484 1458 gentium
503 1381 689 1440 vocatiouem:
709 1381 759 1442 sed
779 1389 873 1462 potest
891 1386 1082 1464 comparative
1100 1387 1187 1446 etiam

69 1461 156 1534 sumi,
175 1461 254 1540 qnod
273 1461 330 1520 iam
349 1459 456 1520 editum
472 1459 568 1520 tuerat
585 1462 725 1540 specimen
745 1462 905 1542 adoptionis
921 1463 1048 1544 gentium
1066 1464 1097 1524 in
1116 1463 1188 1526 Cor·

68 1541 142 1598 nclio
171 1547 200 1600 et
223 1542 284 1604 eius
309 1539 450 1618 cognatis,
478 1539 643 1619 priusquam
664 1539 805 1600 Barnabas
829 1549 858 1602 et
876 1539 984 1603 Paulus
1002 1540 1082 1603 Evan
1118 1544 1188 1604 lium
1283 1597 1288 1608 .

68 1620 197 1700 gentihus
206 1619 392 1702 publicarent.
412 1617 508 1698 Atque
522 1618 570 1680 hic
583 1621 722 1700 posterior
735 1638 834 1680 sensus
852 1621 941 1702 magis
955 1621 1025 1682 mihi
1040 1643 1093 1704 pro
1112 1630 1187 1684 atur.

145 1703 192 1762 15.
233 1705 313 1760 lloio
330 1707 492 1762 coruouoot
511 1699 595 1760 ecrdo
613 1702 838 1780 Prophetarum.
878 1699 1014 1762 Videmus
1032 1722 1124 1780 nunc,
1153 1710 1188 1764 ut

66 1777 135 1838 nihil
164 1779 217 1841 eibi
242 1780 415 1860 sumpserint
433 1778 565 1858 Apostoli
587 1798 641 1857 pro
664 1779 797 1858 imperio,
825 1777 875 1838 sed
898 1787 1058 1841 reverenter
1076 1783 1189 1862 sequuti

66 1859 119 1918 sint
139 1861 218 1939 qnod
238 1859 326 1920 verbo
345 1857 402 1920 Dei
420 1859 623 1938 praescriptum
641 1865 715 1931 crat,
743 1875 836 1937 neque
861 1861 969 1938 gravati
990 1861 1047 1920 siut
1064 1861 1112 1920 vel
1136 1879 1189 1920 sua
1283 1882 1288 1902 ⁸

66 1937 201 2019 dignitate
226 1941 350 2000 alienum
375 1937 520 2010 duxerint,
548 1955 581 1996 se
602 1935 728 2018 profiteri
747 1935 910 2016 scriptume
929 1938 1091 2019 discipulos.
1129 1937 1188 1998 No·

64 2019 182 2080 tandum
203 2017 269 2080 hinc
288 2037 405 2114 quoque
424 2023 481 2087 est,
505 2017 601 2112 vigere
619 2017 713 2112 adhuc
731 2017 875 2112 doetrinae
892 2015 1078 2098 Prophetluue
1095 2035 1190 2091 mum,

63 2095 1190 2258 ‘itti„tlffitttu'itt”tittttssttttttttittdtttt

61 2265 118 2331 cat,
136 2259 225 2318 talem
245 2256 384 2337 significet
402 2257 475 2318 iuter
493 2275 543 2318 eos
563 2274 732 2316 consensum
747 2275 818 2330 ease,
838 2253 1070 2336 utquodahuno
1081 2255 1189 2318 dictum

61 2344 108 2396 est
127 2355 282 2398 commune
301 2337 338 2396 sit
356 2337 484 2396 omnium
502 2336 708 2410 testimonium,
731 2335 798 2416 quia
817 2355 875 2396 uno
896 2353 995 2398 omnes
1015 2355 1066 2396 ore
1084 2341 1113 2396 et
1132 2336 1189 2396 sin-

60 2417 121 2496 guli
145 2418 230 2495 quasi
258 2417 288 2476 in
313 2417 440 2477 omnium
465 2435 586 2496 persona
610 2417 780 2495 loquantur,
810 2415 856 2476 vcl
873 2417 971 2498 potius
990 2413 1114 2496 Spiritus
1133 2413 1189 2474 Dei
1245 2481 1250 2504 ⁵

59 2497 201 2574 loquatur
219 2495 248 2554 in
267 2493 408 2554 omnihus.
446 2494 528 2556 Adde
547 2495 625 2576 quod
644 2495 728 2556 simul
746 2495 865 2556 collecte
884 2502 965 2558 crint
981 2494 1190 2578 Prophetarum

58 2575 194 2634 omnium
222 2575 351 2648 oracula,
375 2581 410 2634 ut
427 2592 530 2656 corpus
550 2595 640 2636 mum
658 2575 815 2650 officerent:
846 2595 936 2658 quere
954 2577 1057 2652 merito
1075 2581 1105 2636 et
1123 2581 1190 2656 apte

58 2652 215 2748 Prophetis
234 2655 422 2716 communiter
439 2655 540 2718 moritu
559 2657 660 2736 potuit,
680 2657 759 2736 quod
777 2675 815 2718 ex
833 2663 915 2740 perte
933 2655 1030 2738 aliqua
1047 2655 1112 2717 ttbri
1125 2655 1187 2716 uni·

57 2741 308 2876 verniqumplt'qqq
322 2741 402 2874 effic
424 2823 561 2888 emmor.
602 2813 679 2894 Quia
702 2835 761 2876 non
785 2816 888 2876 citatur
907 2815 944 2876 ed
962 2813 1080 2876 verbum
1098 2813 1190 2890 loeus,

58 2894 153 2973 qualis
174 2900 271 2954 exstat
288 2893 364 2975 apud
384 2893 571 2976 prophetem,
594 2895 747 2960 viderutum
766 2902 809 2956 est
828 2895 898 2976 quid
917 2896 1071 2978 discrepet:
1097 2913 1188 2976 quan·

57 2991 147 3054 qoam
168 2989 285 3034 necesse
304 2995 362 3048 non
382 2981 425 3034 eat
443 2977 529 3035 anxie
548 2981 696 3047 montore,
726 2975 795 3054 qnid
819 2979 855 3034 sit
873 2977 904 3034 in
923 2963 1017 3038 verbis
1036 2975 1189 3049 diversum,

57 3054 148 3112 modo
179 3059 291 3112 constet
319 3055 482 3114 vaticinium
510 3057 640 3136 apposite
669 3053 705 3112 ad
733 3074 796 3114 rem
821 3061 999 3134 praesentem
1023 3071 1188 3133 congruere.

57 3131 221 3272 Postsffam
240 3134 472 3193 instaurationem
490 3129 664 3194 uternacuti
681 3131 801 3192 Devidls
820 3131 1048 3212 promisitDeus,
1067 3151 1099 3192 se
1117 3151 1188 3212 qun-

79 3233 115 3272 ue
167 3218 283 3271 cturum
301 3211 393 3284 addit,
418 3219 450 3272 ut
473 3212 636 3295 possideant
659 3211 756 3274 ludaei
780 3211 913 3291 reliquias
931 3209 1034 3272 Edem
1073 3209 1107 3270 ln
1126 3218 1188 3271 toto

57 3233 109 3350 iilo
130 3297 270 3351 contextu
293 3289 431 3350 nihildum
455 3298 587 3372 apparet,
617 3291 692 3352 unde
720 3291 784 3350 elici
808 3298 895 3370 queat
972 3292 1043 3350 tium
1062 3292 1188 3350 rocetioa

56 3371 107 3430 sed
128 3369 211 3451 quod
230 3371 365 3431 continuo
384 3377 449 3450 post
467 3373 596 3451 seqnitur
614 3371 689 3450 opud
708 3369 895 3451 Prophetum‚
940 3389 956 3431 e
980 3367 1105 3450 reliqniis
1123 3389 1189 3508 qen-
1279 3389 1282 3408 ·

58 3451 132 3510 tium
152 3468 242 3530 anper
261 3469 332 3530 qnos
351 3449 530 3510 invocabitur
544 3449 605 3510 ilci
623 3469 743 3525 nomeu,
762 3457 859 3531 aperte
879 3449 1003 3512 ostendit
1021 3467 1108 3510 mam
1139 3468 1189 3510 ore

56 3549 96 3592 ex
116 3530 232 3592 ludaeis
251 3537 282 3590 et
301 3529 430 3610 gentihus
448 3528 618 3604 Ecclesiam,
648 3531 714 3610 quia
738 3529 816 3611 qnod
840 3536 909 3592 tnnc
926 3529 995 3590 eolis
1012 3527 1122 3590 ludaeis
1141 3549 1190 3610 pe·

57 3611 167 3670 coliate
188 3616 250 3670 erat
269 3611 431 3689 promiscue
447 3612 575 3690 utrisque
595 3610 687 3670 detur.
726 3609 759 3670 ln
777 3611 878 3670 eodem
890 3609 1190 3692 euimhonoriegradu

57 3696 159 3768 gentes
180 3687 391 3749 collocatDcus
410 3708 476 3750 eum
495 3687 614 3765 ludaeis,
633 3691 701 3750 dom
721 3709 807 3771 snper
825 3691 887 3752 illes
905 3697 1038 3752 invocari
1056 3689 1120 3750 vult
1138 3709 1189 3750 uu·

56 3791 125 3828 oren
146 3787 242 3828 suom.
283 3767 364 3830 Olim
382 3768 557 3830 subDnvidc
576 3769 701 3831 Idumaei
720 3771 863 3850 vicinique
881 3763 981 3852 populi
994 3753 1104 3828 ludaeis
1123 3767 1189 3828 sah·
1297 3773 1317 3802 ³

56 3849 123 3908 iecti
143 3853 241 3917 eraut,
264 3848 314 3908 sed
374 3869 422 3908 nm
441 3843 579 3910 tributarii
599 3858 692 3910 essent
710 3850 819 3931 popolo
839 3849 910 3923 Dei,
923 3848 1062 3910 'extranei
1087 3847 1189 3908 nihilo-

56 3929 154 3986 minus
165 3933 258 3992 ,erant
276 3927 311 3988 ah
346 3928 456 3994 eclesia.
491 3919 558 3989 lloc
576 3932 662 4012 igitur
679 3950 788 3990 novum
807 3936 836 3991 ct
854 3929 1009 4004 insolitum,
1029 3927 1107 4008 quod
1126 3927 1190 3988 illos

56 4005 140 4066 Dens
173 4013 271 4068 saneto
300 4009 408 4088 populo
437 4015 585 4085 merset,
614 4017 648 4069 nt
675 4011 782 4096 pariter
805 4015 934 4070 vocetur¹
947 4008 1075 4070 omnium
1098 4004 1189 4082 Deus,

56 4086 178 4164 quando
197 4088 237 4146 ita
256 4106 355 4146 omnes
375 4089 447 4148 inter
465 4107 497 4150 se
516 4089 627 4149 honore
646 4091 761 4170 aequari
779 4096 890 4152 eertum
908 4095 961 4150 est.
1000 4085 1083 4148 Unde
1106 4088 1189 4149 tacite

56 4170 155 4246 patet3
226 4185 272 4226 am
301 4166 373 4226 hene
396 4171 537 4248 praesenti
560 4170 690 4229 instituto
714 4171 865 4230 conveniat
883 4166 1044 4249 Prophetae
1062 4171 1188 4230 testimo·

56 4247 151 4304 mum.
182 4257 189 4270 ⁸
219 4265 266 4306 am
289 4247 519 4308 instaurationem
544 4248 663 4330 collepsi
685 4247 859 4310 tabernaculi
876 4248 1017 4330 promittit
1035 4244 1130 4322 Deus,
1158 4249 1190 4308 in

56 4341 117 4403 qna
138 4331 238 4403 gentes
257 4325 390 4386 ohedieot
408 4347 494 4408 regno
514 4325 648 4402 Doridis,
671 4329 836 4406 nonmodo
855 4337 889 4388 nt
907 4325 1047 4390 tributum
1122 4327 1190 4388 dent

55 4403 106 4464 vel
126 4421 208 4466 uma
226 4405 346 4468 induant
369 4406 404 4466 ed
427 4408 501 4490 regie
526 4407 690 4488 imperinm,
720 4409 771 4474 sed
798 4416 832 4472 ut
860 4427 1040 4472 communem
1177 4412 1190 4468 t
