2754 4864
566 187 695 252 CAPUT
713 189 754 252 X.
983 199 986 210 ’
1153 191 1212 264 199

76 311 249 374 statuamus,
268 302 338 383 quid
358 303 440 363 nobis
459 303 542 366 liceat
561 305 734 367 astutorum
752 309 802 367 sit:
823 308 937 388 quando
952 317 988 368 ric
999 309 1086 370 Petro
1096 313 1211 392 quidem

77 386 161 446 licuit
201 383 331 456 nolanum
350 383 453 460 lacere,
473 386 549 464 quod
570 405 607 444 ox
626 384 682 446 Dei
700 387 787 447 verbo
807 388 915 448 licitum
934 393 1003 448 erat.
1025 389 1110 450 Valet
1129 411 1209 474 prac-

76 473 158 526 terea
177 406 223 522 lic
240 463 322 522 locus
341 463 378 521 ad
397 464 581 525 codreendaur
599 464 747 526 huminum
766 469 948 548 proterviam,
968 489 1024 548 qua
1044 470 1074 528 in
1114 490 1208 532 erven-

76 547 117 606 sis
137 543 246 630 iudiciis
265 542 417 603 exsultant.
447 539 538 602 Nemo
550 544 617 605 dere
635 548 747 626 estqui
771 567 830 608 non
849 547 902 606 sibi
921 549 1066 629 permittat
1085 492 1120 610 dd
1140 552 1209 612 alio·

76 645 143 684 rum
166 623 249 684 sactis
273 623 421 682 indicium·
433 615 516 683 serie.
545 623 612 684 lam*
624 632 658 686 ut
677 627 783 686 morosi
802 645 900 690 snmus
920 635 949 688 et
968 629 1099 709 maligni,
1118 633 1209 710 magis

74 705 233 787 pendemus
252 703 282 762 in
302 703 443 786 sinistram
458 707 583 784 partam,
600 705 642 764 ita
660 703 725 765 Deo
746 706 826 786 quod
843 711 926 767 suuni
946 711 990 768 est
999 709 1140 788 eripimus.
1161 711 1208 774 Ad

74 782 273 923 truatur
292 781 454 922 {tumn
474 783 620 922 sutrin
632 783 1206 930 laudunensium

363 901 373 933 5
734 927 738 936 ι
861 935 863 942 ,
924 909 934 941 9

74 943 134 1004 Dei
155 958 217 1002 esse
237 945 413 1022 potestatem.
434 940 584 1002 Caeterum
604 943 647 1002 lris
666 944 851 1004 verbisetianr
863 947 998 1022 innuitur,
1016 946 1206 1008 ludaeosnon

76 1022 143 1082 idco
156 1025 283 1081 unctum
292 1013 377 1080 luisse
386 1019 441 1080 Dei
451 1023 598 1102 populum,
609 1025 686 1103 quod
697 1025 810 1104 propria
820 1025 954 1107 dIgnitnte
962 1032 1147 1106 praestarent,
1157 1029 1206 1088 sed

77 1101 141 1160 sola
162 1101 271 1159 divinae
288 1097 563 1181 adoptionisgratia.
589 1101 671 1162 Nunc
690 1110 844 1184 postquam
860 1111 958 1184 gentos
978 1106 1008 1166 in
1025 1105 1202 1171 foederissu

78 1181 210 1241 cictntcm
229 1177 308 1238 Deus
327 1179 441 1254 ascivit,
459 1181 578 1261 aequale
597 1187 641 1240 est
658 1183 704 1242 ins
721 1185 859 1243 omnium.

151 1261 197 1324 .16
234 1263 300 1320 Hoc
318 1261 426 1320 noeidit
444 1268 498 1320 ter.
537 1257 678 1340 Repetitio
698 1263 813 1322 visionis
832 1261 869 1322 ad
888 1261 1132 1326 continuationem
1156 1287 1203 1326 va·

76 1340 139 1414 luit,
157 1357 195 1400 ne
213 1357 272 1418 qua
291 1337 428 1398 dubitatio
447 1339 494 1399 vel
515 1341 642 1400 anxietas
661 1339 708 1400 vel
727 1341 877 1420 scrupulus
896 1341 1014 1402 inPetri
1033 1341 1202 1406 auimolrae·

74 1423 158 1480 ureret.
189 1417 271 1478 Unde
290 1418 461 1498 colligimus,
486 1434 572 1498 quam
591 1420 662 1480 altus
680 1421 739 1480 illic
757 1421 864 1480 radices
884 1423 986 1502 egisset
1004 1421 1087 1502 Legis
1107 1423 1202 1484 obser·

74 1501 162 1559 vatio.
187 1497 249 1559 Cur
268 1503 364 1557 uuum
382 1497 550 1580 perplexum
570 1489 650 1576 Deus
669 1501 827 1580 reliquerit,
853 1501 943 1560 donee
963 1521 1000 1562 ex
1018 1504 1204 1584 consequenti
1301 1563 1305 1574 ,

73 1585 181 1640 eventu
205 1577 322 1638 visionis
344 1595 458 1637 causam
483 1577 619 1651 disceret,
647 1581 779 1639 nonalia
800 1580 868 1640 milri
888 1581 961 1640 ratio
981 1582 1119 1656 occurrit,
1148 1583 1202 1642 nisi

74 1657 154 1752 qnpd
173 1660 308 1754 attonitus
327 1675 386 1717 non
403 1658 486 1752 pmiit
504 1657 557 1752 silui
575 1658 748 1754 manifestari
767 1659 905 1796 quidhoc
919 1659 1202 1756 velletrqnanquam

73 1745 143 1797 sons
162 1743 362 1818 tempestatum
380 1737 444 1810 lust,
464 1743 577 1796 nuntios
588 1736 712 1808 Cornelis
722 1755 807 1819 pauo
833 1744 1011 1818 postrenus
1024 1747 1202 1820 interpretes.

73 1815 203 1880 Tandem
224 1839 277 1876 ons
298 1825 332 1877 tn
355 1817 469 1912 coctura
483 1826 630 1908 receptum
645 1821 725 1910 suti,
749 1835 808 1900 quo
830 1817 936 1878 certior
958 1815 1038 1880 tieret
1061 1818 1164 1882 Petrus
1183 1839 1201 1880 a

72 1896 140 1958 Deo
159 1897 272 1979 prodire
291 1895 369 1958 hunc
387 1901 529 1956 nuntrum.

164 2053 216 2121 17.
260 2053 370 2140 Quum
404 2049 515 2120 auteni
539 2052 572 2120 iu
604 2075 639 2120 se
671 2051 742 2146 ipso
778 2053 870 2128 anxie
897 2052 1052 2138 dubitaret
1078 2053 1200 2136 Petrus,

73 2183 231 2252 quaenam
258 2169 342 2228 esset
366 2157 462 2242 visio,
493 2180 590 2250 worn
615 2156 750 2232 videratr
783 2183 857 2230 occe
885 2159 950 2227 duo
981 2159 1039 2226 viri
1067 2159 1154 2250 missi
1181 2184 1199 2226 a

72 2265 237 2348 Cornelio,
269 2265 412 2336 sciscitati
438 2264 478 2332 de
505 2265 603 2332 domo
630 2264 784 2348 Simonis,
817 2275 971 2334 steterumt
996 2265 1036 2332 ad
1062 2265 1198 2356 januam.

74 2373 128 2440 18.
153 2371 197 2438 Et
218 2395 317 2462 quum
343 2369 576 2455 inclamassent‚
601 2371 832 2462 interrogarunt
856 2393 897 2438 an
918 2369 1046 2453 Simon,
1074 2369 1127 2460 qui
1150 2394 1189 2436 en
1311 2427 1315 2443 ,

74 2477 311 2570 gnominabatur
336 2475 471 2561 Petrus,
490 2475 552 2546 illrc
578 2467 751 2570 llospitium
773 2475 910 2558 haberet.
956 2475 1007 2556 19.
1023 2475 1133 2566 Petro·
1147 2499 1198 2542 au·

72 2595 139 2652 tem
160 2582 313 2674 cogitante
332 2606 429 2674 super
449 2583 581 2667 risione,
602 2583 682 2651 dixit
702 2561 745 2648 illi
767 2583 921 2674 Spiritus,
941 2580 1034 2666 Eece,
1054 2583 1112 2650 viri
1133 2593 1198 2650 tres

72 2701 106 2758 te
134 2699 294 2782 quaerunt
348 2687 402 2756 20.
428 2689 546 2781 Surge,
577 2689 733 2758 descende
759 2699 792 2758 et
817 2687 1014 2780 proliriseere
1041 2711 1114 2756 cnm
1142 2688 1213 2771 eis,·
1303 2675 1309 2686 ’

70 2795 148 2864 nihil
168 2795 334 2878 haesitans,
356 2794 427 2886 quis
450 2819 509 2888 ego
531 2795 602 2875 misi
624 2819 690 2866 eos
733 2795 788 2864 21¹.
809 2793 918 2881 Quum
941 2801 1046 2862 autom
1068 2795 1198 2862 descen·

69 2903 167 2970 disset
186 2899 304 2970 Petrus.
320 2903 360 2969 ad
381 2902 479 2986 viros,
513 2903 573 2994 qui
593 2902 682 2968 missi
701 2911 792 2980 erant
812 2901 995 2972 aCurnelio
1018 2901 1058 2968 ad
1079 2901 1196 2991 ipsum,

71 3009 164 3093 dixit,
185 3005 285 3092 Ecce,
307 3031 366 3099 ego
388 3031 475 3090 sum,
497 3031 592 3100 quem
615 3007 770 3098 qnaeritis.
814 3007 905 3091 Quae
927 3027 1020 3074 causa
1043 3015 1107 3087 est,
1140 3028 1198 3072 cur
1243 3048 1246 3056 ·

68 3115 192 3184 assitis?
244 3115 299 3182 22.
326 3114 485 3182 Dixerunt
505 3113 565 3199 illis
597 3111 763 3196 Cornelius
789 3111 944 3194 ccrrtnrio,
966 3111 1013 3198 vir
1039 3109 1141 3176 iustus
1164 3119 1196 3176 et

67 3223 185 3289 timens
205 3221 328 3304 Dauum
359 3221 575 3290 testimonium
605 3218 770 3284 labeosa
792 3227 858 3283 tota
884 3223 976 3306 gente
997 3213 1195 3292 ludaeorum,

68 3326 197 3394 oraculo
230 3328 410 3396 admonitus
443 3337 492 3395 est
524 3319 562 3392 ib
589 3322 712 3416 Angelo
734 3331 857 3403 sancto,
891 3331 927 3388 ut
957 3329 991 3388 te
1012 3327 1139 3386 vocaret
1160 3317 1194 3382 in

65 3435 202 3502 domum
224 3457 314 3524 snam
335 3445 370 3506 et
390 3433 509 3502 audiret
529 3431 639 3501 abs'te
659 3428 764 3499 verba.
808 3427 862 3496 23.
884 3425 983 3496 Porro
1000 3425 1193 3520 ¹introvoca-

64 3551 118 3610 tos
139 3540 259 3634 accepit
279 3540 433 3633 hospitio.-

147 3713 195 3775 17.
234 3711 301 3775 Nou
330 3714 441 3775 unione
466 3717 578 3774 tautum
605 3659 661 3770 sed
676 3663 739 3770 ¹Dei
762 3663 859 3767 verbo
874 3703 992 3765 euinctus
1023 3701 1116 3762 iuerat
1138 3700 1192 3761 Pe-

65 3800 146 3863 trus‚
168 3798 197 3852 ct
220 3800 316 3855 nmen
335 3793 458 3855 videndo
477 3811 536 3853 nou
554 3789 643 3865 videt,
662 3788 754 3850 donec
772 3786 895 3869 Spiritus
915 3785 956 3844 illi
975 3784 1013 3844 sit
1041 3783 1071 3840 in
1133 3796 1192 3840 res:

64 3872 179 3932 illustre
207 3875 317 3936 adlinet
343 3873 484 3938 tarditatis
504 3877 621 3935 posnan
644 3869 808 3951 speculum,
839 3883 1003 3947 quanquam
1028 3879 1081 3920 nos
1130 3865 1199 3920 etro

62 3953 153 4013 lone
181 3952 275 4013 adlrnc
298 3975 398 4014 sumus
427 3953 567 4036 &marem
584 3969 663 4011 “uam
692 3949 763 4008 adeo
792 3968 851 4006 nun
880 3945 976 4006 statim
1006 3942 1192 4020 assequimur,

61 4032 116 4114 qui
227 4033 298 4093 velit
320 4031 402 4094 Dens
425 4041 476 4094 aut
510 4043 512 4046 ’
540 4048 637 4092 orsum
663 4029 799 4110 loquatur
821 4024 918 4097 nobis,
947 4029 981 4084 nt
1004 4023 1054 4105 rix
1078 4021 1192 4080 tandem
1240 4025 1245 4046 ²

61 4112 218 4195 multiplex
241 4113 435 4196 interpretatio
459 4112 541 4173 nobas
564 4111 695 4172 sufficiat
740 4105 848 4166 Verum
867 4105 954 4164 simul
971 4100 1129 4162 notandum
1148 4107 1200 4161 est·

60 4194 145 4272 quod
165 4193 255 4254 addit
283 4193 396 4262 Lucas,
417 4189 535 4253 Petrum
559 4192 673 4252 intentu
702 4188 797 4249 animo
825 4205 911 4266 super
939 4185 1048 4244 uisione
1075 4181 1191 4243 medita·

60 4281 129 4332 tum
147 4291 225 4352 esse,
254 4291 359 4356 nempe
376 4279 531 4354 postqunm
547 4271 674 4332 auium
692 4289 730 4330 ex
748 4273 868 4348 stupore
886 4263 1015 4360 nollepit:
1042 4262 1192 4323 nutem

59 4352 123 4413 lroe
140 4356 206 4436 piac
223 4355 398 4417 mvereutiae
416 4354 541 4436 siguum,
560 4349 639 4434 quod
663 4351 801 4412 visionem
825 4345 877 4406 sibi
899 4343 974 4408 elabr
996 4343 1045 4408 vel
1063 4341 1199 4438 diffluere
