2786 4866
189 231 250 302 roa
582 211 904 294 ermonense.

189 349 354 437 poeniteam
370 349 420 410 ret
433 341 435 350 ’
448 365 500 412 em·
527 345 679 413 addemur
708 346 737 408 in
767 333 916 428 posteram'
934 339 1078 410 lautiores.
1121 347 1231 434 Neque
1249 353 1321 420 ωίιη

189 451 315 513 aequum
343 436 396 506 est,
425 449 479 490 nos
508 448 526 490 u
550 428 695 523 virulentis
714 427 836 522 Satanae
858 423 997 521 morsibus
1019 434 1096 533 tutps
1121 439 1155 496 et
1179 437 1321 498 numum

130 565 133 576 ·
189 505 877 668 tindtttdlttttlthlt,titt
896 512 1008 645 tlt}
1026 507 1321 672 nltttttsfftm

189 672 320 734 viduus
340 669 486 730 Christum
515 667 551 728 ah
580 667 683 728 iniusta
706 666 860 762 iqnominia
876 606 1022 747 irrogent
1045 669 1201 735 doctrinam
1226 677 1320 735 vindi.

188 771 266 817 esre.
304 749 430 811 Tantum
447 749 544 809 culmo
564 754 594 808 et
612 746 707 808 studio
725 753 766 807 rta
784 747 872 805 simus
892 747 1050 826 compositi,
1069 769 1105 810 ne
1122 754 1176 813 ista
1193 753 1319 834 indigni.

189 841 235 894 tes
258 850 374 892 currum
395 835 527 891 nostrum
550 825 693 908 impediet
742 825 887 904 Quoniam
904 825 1040 887 docemus
1065 829 1107 889 sic
1123 833 1320 894 videturesse

189 912 336 986 homines,
365 915 401 970 ut
420 927 538 992 prorsus
557 908 613 968 sint
631 907 739 988 peccati
756 911 787 967 et
804 905 940 967 malarum
959 907 1152 988 cupiditatum
1170 915 1321 994 mancipia,

189 994 258 1056 iude
285 990 382 1052 hostes
411 987 582 1050 calumniam
610 985 769 1060 excudunt,
798 985 877 1066 quod
902 983 1031 1047 homines
1056 1007 1197 1071 negemus
1220 1000 1322 1074 sponte

212 1091 324 1145 uacare,
353 1069 403 1130 sed
422 1067 537 1128 aliunde
559 1066 597 1128 ad
615 1067 723 1127 malum
746 1065 867 1148 impelli,
890 1071 922 1124 ut
938 1065 1009 1126 nihil
1029 1069 1135 1150 culpae
1154 1076 1319 1148 sustineant,

190 1152 357 1215 msimulcut
374 1149 459 1210 etiem
478 1148 571 1208 exstin
592 1148 622 1208 ni
640 1165 658 1207 a
675 1146 758 1208 nobis
777 1144 849 1207 hene
866 1145 963 1226 agendi
981 1148 1119 1210 studium.
1161 1149 1242 1229 Quia
1259 1172 1320 1212 sau·

191 1240 309 1294 ntorum·
324 1247 411 1312 opera
429 1229 545 1310 propria
565 1169 700 1308 (ignitam
718 1227 862 1288 meritoria
880 1245 937 1287 esse
955 1245 1108 1310 negamus,
1139 1233 1220 1310 quod
1237 1251 1319 1292 oem-

150 1349 154 1372 .
190 1331 244 1396 per
272 1309 381 1390 aliquid
409 1309 471 1370 vitii
494 1325 640 1388 aspersum
666 1305 801 1380 habeant,
829 1305 992 1368 cavillantur
1017 1308 1158 1370 honorum
1177 1317 1209 1371 et
1227 1312 1320 1371 malo·

190 1411 258 1454 rum
287 1390 436 1450 discrimen
464 1387 588 1450 anobis
611 1387 682 1448 tolli.
732 1383 809 1465 Quin
832 1383 949 1446 homhds
972 1387 1107 1448 iustitiam
1124 1390 1154 1449 in
1174 1391 1237 1450 sola
1256 1389 1318 1450 Dei

184 1473 282 1552 ¹gratia
301 1470 455 1549 repositam
473 1487 536 1528 esse
555 1466 684 1541 dicimus,
702 1485 757 1527 nee
775 1464 842 1526 elihi
861 1467 999 1546 qrdeacere
1036 1469 1077 1528 ias
1095 1469 1204 1530 animas
1223 1489 1315 1550 posse

171 1545 281 1632 'qnam
309 1549 339 1608 in
367 1553 462 1608 morte
486 1547 609 1622 Christi,
636 1545 739 1608 laxari
751 1543 808 1606 hcc
826 1545 912 1606 modo
928 1547 1001 1608 carni
1016 1488 1142 1608 latona
1161 1548 1312 1624 obiiciunt,

191 1647 230 1692 ne
249 1629 313 1713 quie
332 1625 453 1709 emfflus
471 1629 510 1688 sit
528 1624 611 1710 Legis
629 1646 709 1687 usus.
757 1623 837 1686 Dum
863 1645 915 1686 noa
934 1645 1015 1687 snum
1034 1626 1151 1688 Christo
1170 1628 1316 1689 honorem

192 1709 359 1784 summus,
411 1726 476 1768 uem
503 1707 560 1790 ipsi
582 1708 612 1768 in
634 1705 713 1767 mille
731 1705 823 1766 irnstn
841 1703 987 1766 laceratum
1005 1706 1096 1768 instar
1114 1709 1239 1789 praedae
1257 1709 1317 1768 hue

190 1790 274 1865 illuc,
292 1728 510 1872 prontlibitom
528 1793 586 1862 est,
606 1783 790 1861 distribuunt,
813 1803 866 1846 nnc
885 1793 1041 1847 unctorum
1061 1805 1125 1848 esse
1144 1785 1244 1849 hostes
1263 1788 1315 1848 lio·

191 1875 272 1952 gunt.
312 1865 370 1930 Pro
390 1867 504 1948 spiritus
523 1865 663 1941 libertate,
682 1885 736 1928 nne
751 1866 841 1926 carnis
860 1865 998 1928 licentium
1016 1885 1156 1947 quaerere
1174 1869 1314 1928 mentiun-

192 1957 249 2012 tur.
289 1946 407 2011 Sacrum
426 1945 680 2007 Christi'Cceuam
698 1944 767 2006 dum
786 1947 930 2006 restituere
946 1966 1085 2007 conamur
1107 1947 1138 2008 in
1161 1967 1269 2028 pnrnrn
1286 1955 1314 2007 ct

185 2029 349 2110 legitimum
378 2047 477 2103 usurn,
506 2045 571 2087 eam
594 2043 612 2086 a
635 2025 717 2086 nobis
736 2025 826 2086 everti
844 2045 885 2086 ac*
897 2026 1000 2086 destrui
1019 2027 1199 2108 impudenter
1217 2029 1313 2088 dami-

191 2118 264 2173 tant.
302 2108 359 2172 Alit
377 2109 478 2180 ctiam,
506 2107 556 2188 qui
574 2125 655 2167 mora
672 2105 907 2180 Academicorum
923 2107 1019 2166 omnia
1038 2105 1214 2180 convellunt',
1245 2111 1313 2187 qnia

191 2189 341 2273 plausibile
359 2209 419 2250 uon
437 2193 490 2262 est,
509 2185 588 2270 quod
608 2185 643 2246 de
661 2205 763 2247 arcana
782 2183 838 2246 Dei
856 2185 1104 2268 praedestinatione
1122 2207 1159 2246 ex
1178 2185 1313 2282 Scriptu-

191 2272 232 2332 ris
250 2269 396 2338 tradimus,
415 2268 513 2329 odiose
532 2267 727 2341 criminantur,
745 2285 798 2328 nos
808 2263 903 2326 Deum
920 2265 1012 2326 iacere
1030 2274 1257 2347 tyrannumque
1277 2285 1310 2325 se
1374 2331 1375 2340 χ

193 2348 316 2410 oblectet
344 2347 492 2428 perdendis
520 2347 643 2408 innoxiis
671 2343 842 2421 hominihus,
870 2351 965 2428 utpote
996 2348 1047 2426 qui
1073 2345 1197 2408 nundum
1224 2352 1308 2406 natos
1374 2349 1375 2397 t

192 2429 279 2490 morti
299 2433 428 2488 aeternae
447 2429 503 2487 iam
522 2426 675 2502 addixerit,
690 2421 727 2486 *et
747 2444 820 2506 quoe
838 2427 868 2487 in
886 2425 955 2488 hanc
973 2433 1086 2508 partem
1104 2427 1159 2486 dici
1176 2432 1311 2508 possum:

192 2527 285 2588 quum
311 2513 407 2568 tamen
430 2507 498 2566 satis
521 2525 662 2588 caperque
687 2507 810 2566 convicti
834 2508 903 2580 siat,
927 2525 981 2568 uns
1005 2513 1168 2568 reverenter
1190 2507 1227 2566 de
1243 2504 1314 2564 Deo

192 2587 308 2656 rendre,
326 2604 420 2664 neque
437 2584 519 2644 aliter
536 2585 616 2665 loqui
634 2605 721 2666 quam
739 2587 800 2680 ipse
819 2605 869 2648 ore
887 2605 936 2646 uro
955 2585 1046 2646 docet.
1088 2585 1184 2647 Grave
1200 2585 1316 2666 qmdcm

191 2685 228 2726 sc
246 2665 348 2724 durum
367 2671 419 2736 est,
437 2663 524 2724 talem
542 2665 676 2727 invidiam
695 2665 805 2738 suhrrer
823 2687 883 2728 non
904 2674 994 2728 moen
1013 2673 1167 2750 propterea
1187 2666 1314 2725 deseres·

192 2744 262 2804 dum
285 2741 368 2802 hobis
392 2749 437 2818 est
455 2742 546 2802 bonae
565 2761 667 2804 consae
689 2747 885 2826 patrocinium
931 2743 1059 2806 Pretiosa
1081 2748 1160 2807 enirn
1185 2751 1233 2806 est
1250 2743 1315 2804 Deo

190 2841 244 2884 sua
263 2823 365 2882 veritas
384 2827 415 2882 el
433 2835 494 2882 esse
512 2821 594 2883 nobis
614 2821 706 2898 dehet,
723 2827 854 2905 quamvis
873 2825 996 2910 reprobis
1015 2827 1087 2886 odor
1105 2827 1144 2885 sit
1162 2826 1269 2886 modis
1287 2827 1314 2884 in

148 2964 152 2972 ,
190 2906 313 2964 moriem
342 2900 394 2980 (ll.
416 2899 484 2962 Cer.
504 2905 539 2977 2,
558 2903 632 2983 16.).
678 2901 736 2964 Sed
755 2903 812 2966 iam
831 2906 867 2967 ad
886 2907 933 2968 Stc
955 2905 1020 2965 bani
1038 2907 1255 2966 accusationem
1273 2924 1314 2964 re-

191 2979 260 3054 deo,
289 2982 370 3042 onius
398 2980 455 3047 hoc
477 2982 663 3064 praecipuum
684 2989 728 3044 est
746 2992 845 3066 caput,
874 2927 953 3067 quoti
965 2985 1145 3068 blasphemus
1164 2987 1197 3046 in
1217 2984 1314 3046 Deum

189 3067 221 3122 et
238 3058 337 3122 blesen
357 3061 451 3124 lderr't.
499 3060 603 3124 Merito
622 3081 801 3126 communem
819 3063 877 3127 Dei
895 3073 921 3126 et
939 3065 1027 3125 blesis
1045 3067 1178 3126 iniuriam
1197 3065 1313 3136 iscium,

189 3142 259 3222 quia
276 3141 347 3204 nihil
365 3141 461 3202 llloses
478 3143 509 3203 in
527 3161 580 3203 sua
598 3144 727 3205 doctrina
744 3147 889 3228 proprium
905 3146 953 3206 sel
970 3144 1062 3206 aDeo
1081 3151 1251 3226 separatum
1266 3145 1313 3202 ha-

188 3220 260 3282 huit.
298 3221 437 3298 Probent,
478 3223 524 3282 nia
542 3223 746 3284 contumeliose
763 3226 897 3306 loquutus
916 3227 952 3286 sit
970 3225 1106 3286 adversus
1124 3225 1268 3305 templum
1287 3231 1314 3282 et

148 3313 153 3324 ’
188 3298 303 3381 legem.
351 3301 444 3364 Porro
488 3301 673 3384 lasphemiam
689 3305 720 3364 in
738 3325 774 3366 co
793 3312 931 3380 stslnuut,
961 3306 1029 3385 quia
1050 3305 1138 3366 linem
1156 3304 1270 3384 templo
1288 3309 1315 3361 et

190 3383 367 3457 ceremoniis,
386 3380 493 3442 Christi
511 3381 645 3459 adventu,
665 3382 766 3446 dixerit
784 3403 845 3446 esse
862 3384 1035 3468 impositum.
1075 3383 1142 3446 Non
1162 3391 1206 3445 est
1225 3383 1314 3443 credi-

188 3460 246 3522 bile
265 3463 306 3522 sic
324 3462 477 3542 loquuturn
495 3461 582 3524 luisse
601 3461 792 3544 Stephanum,
820 3471 855 3525 ut
877 3465 1015 3540 referunt,
1044 3465 1095 3526 sed
1119 3463 1191 3524 hene
1216 3481 1252 3523 ac
1268 3464 1315 3542 pie

189 3541 265 3602 dicta
284 3543 407 3622 maligne
425 3549 570 3622 torquent,
589 3550 622 3603 ut
640 3545 766 3605 colorem
783 3545 915 3606 inducant
933 3545 1020 3606 falsae
1034 3543 1217 3605 accusationi.
1243 3541 1314 3602 Cec-

158 3651 167 3670 ι
188 3627 294 3694 terum,
312 3624 421 3682 etiamsi
440 3625 470 3682 in
486 3622 583 3682 verbis
601 3621 672 3683 nihil
691 3631 854 3700 mutassent,
871 3627 943 3686 eden
961 3632 1057 3686 tamen
1076 3625 1186 3684 nullam
1204 3622 1314 3701 ternplo

188 3705 220 3760 et
237 3697 307 3780 Legi
324 3703 456 3762 iniuriam
474 3701 545 3762 iecit·
560 3702 736 3783 Stephanus,
765 3711 797 3764 ut
821 3725 878 3768 nnn
897 3705 1021 3786 potuerit
1038 3705 1141 3766 ruelius
1159 3704 1237 3762 veris
1256 3703 1315 3761 lorr-

189 3780 272 3840 dibns
292 3799 403 3841 ornare.
442 3781 538 3842 ludaei
557 3782 593 3842 de
604 3783 709 3864 iempli
728 3783 836 3846 honore
855 3791 957 3846 actum.
969 3784 1118 3866 putabant,
1139 3783 1194 3842 nisi
1214 3803 1315 3862 perpe·

188 3866 240 3920 tuo
261 3860 375 3921 duraret
392 3861 550 3923 umhratilis
568 3863 628 3922 eius
652 3869 757 3938 status,
783 3867 890 3926 irritam
914 3870 943 3925 ct
965 3864 1070 3924 nullius
1095 3864 1235 3922 momenti
1252 3879 1314 3920 esse

188 3939 282 4020 legem
300 3939 398 4015 iliosis,
416 3943 470 4002 nisi
490 3943 666 4002 ceremoniae
684 3950 822 4040 perpetue
842 3945 976 4024 vigerent.
1020 3944 1111 4022 Atqui
1130 3945 1160 4002 in
1180 3942 1237 4000 hnc
1256 3959 1314 3999 nra·

189 4021 232 4094 gis
260 4021 388 4079 consistit
415 4021 515 4102 templi
542 4028 713 4103 praestantra
737 4031 767 4083 et
790 4025 1011 4084 ceremoniarum
1035 4023 1156 4095 utilitas,
1186 4022 1256 4080 dnm
1280 4019 1313 4076 sd

190 4095 339 4154 Christum
356 4099 517 4160 referuntur
534 4109 671 4181 tauquam
689 4104 725 4162 ad
746 4105 908 4199 primarium
928 4123 1012 4164 snum
1031 4101 1187 4182 exemplar.
1235 4097 1314 4180 Ergo

189 4179 336 4248 utcunque
364 4181 506 4240 accusatio
534 4181 642 4260 aliquid
669 4183 773 4243 colone
800 4184 916 4252 habeat,
949 4184 1047 4264 iniqua
1081 4187 1179 4240 tamen
1208 4185 1252 4239 est
1281 4197 1314 4236 se

189 4267 346 4342 91111111..
383 4253 548 4333 Caeterum,
577 4262 707 4340 quumvis
730 4263 761 4322 in
780 4264 973 4343 rpraestionem
992 4262 1088 4321 veniat
1107 4261 1227 4334 lectum,
1257 4259 1315 4318 hoc
1370 4299 1371 4314 ,

189 4333 247 4400 111,
277 4343 314 4384 111
338 4334 377 4388 da
402 4351 447 4391 res
466 4333 568 4398 haheat
588 4341 826 4417 quemadmodum
845 4341 997 4404 adversarii
1015 4339 1194 4414 insimulant,
1220 4343 1314 4398 elatus
1370 4393 1371 4410 ,

189 4414 286 4468 tamen
305 4410 418 4488 proprie
437 4419 481 4473 cst
499 4417 651 4495 qualitatis.
700 4417 880 4504 Stephanum
897 4423 973 4486 enim
992 4426 1135 4496 accusant,
1165 4421 1230 4502 quii
1250 4437 1314 4480 11111·
1370 4419 1371 4491 l
