2716 4856
503 210 634 283 'CAPUT
656 211 752 282 xvii.
963 254 966 265 =
1124 235 1183 296 355

12 333 203 420 praeclaris
229 323 407 394 documentis
430 331 518 394 adiuti
542 333 613 396 nihil
637 333 800 418 proliciunt.
838 331 895 398 Hie
919 343 1015 412 tamm
1039 319 1184 408 satanin·

15 418 192 499 quaestio,
224 415 366 495 numquid
389 414 556 476 naturaliter
579 415 616 476 ad
641 433 738 476 veram
762 415 952 498 etliquidam
972 419 1028 481 Dei
1052 425 1182 486 notitiam

15 498 198 578 pervenire
229 499 338 576 queant
365 491 519 554 hominess.
540 495 633 554 innuit
657 496 733 555 enim
752 491 860 556 Paulus
878 499 990 558 nonnisi
1011 521 1063 596 per
1081 525 1183 565 eornm

16 575 624 716 {edistii’dedititii
642 573 1095 720 gegglgagmngp
1114 603 1182 644 ⁰⁰¹¹·

15 755 94 796 rum
116 675 359 817 ignoran’riabet
377 735 488 814 stupori
507 675 818 818 phantimpmixrini
835 677 912 812 ossii,
936 745 970 798 ut
996 681 1183 804 ’rectieihdidii

17 823 180 896 expertes
204 817 264 874 siue
283 832 353 874 vero
372 831 458 872 seusu
476 819 667 894 praetereant,
698 830 884 896 quaecunque
909 819 939 876 in
958 817 1040 878 coelo
1059 827 1089 881 et
1107 829 1183 890 terra

18 898 150 978 gloriae
175 893 237 954 Dei
257 895 335 975 sigua
354 889 449 974 palam
469 893 620 972 refulgent:
639 895 698 953 imo
718 915 808 974 quom
827 895 895 956 vera
908 894 963 957 Dei
983 901 1107 978 cognitio
1126 905 1181 962 sin-

20 976 138 1057 gulare
163 975 206 1032 sit
225 975 312 1054 ipsius
332 973 454 1046 donum,
473 980 503 1032 et
521 973 606 1046 fides,
626 992 687 1054 qua
703 975 764 1032 sola
783 977 837 1034 rite
855 977 1049 1056 cognoscitur,
1068 983 1183 1042 nonnisi

19 1076 64 1114 ex
90 1053 233 1135 Spiritus
252 1053 455 1113 illuminatione
474 1052 623 1132 procedat,
649 1055 793 1132 sequitur,
818 1053 879 1114 sola
903 1063 1005 1116 natura
1031 1058 1103 1118 duce
1123 1081 1182 1122 non

21 1141 125 1215 potsse
149 1133 225 1192 illuc
244 1140 390 1214 penetrare
408 1139 518 1192 mentes
536 1139 658 1192 nostras.
698 1132 759 1193 Nec
778 1132 962 1194 sauePaulus
983 1135 1018 1195 dc
1033 1136 1182 1200 homiuum

21 1215 184 1274 facultate
206 1211 253 1272 bic
271 1213 394 1286 disserit,
425 1211 474 1270 sed
493 1217 604 1271 tantum
625 1213 759 1272 admonet
778 1231 840 1272 esse
864 1215 1084 1294 inexcusabiles,
1113 1219 1196 1280 dum·

21 1297 57 1352 iu
81 1301 151 1352 tarn
176 1291 254 1351 clara
274 1292 339 1351 lace
359 1293 532 1366 caecutiunt,
552 1293 636 1351 sicuti
656 1291 783 1372 loquitur
822 1294 895 1352 rimo
915 1295 951 1353 ad
969 1293 1116 1358 Romanos
1136 1317 1182 1359 ca-

21 1375 101 1453 pite.
150 1369 299 1449 Quamvis
318 1389 387 1452 ergo
406 1371 434 1429 in
454 1369 520 1430 Deo
540 1371 640 1430 investi
661 1371 735 1432 ando
755 1371 790 1432 de
812 1373 887 1432 ciant
904 1371 1054 1434 hominum
1073 1395 1181 1454 sensns,

19 1453 151 1511 nullum
174 1458 274 1510 tamen
294 1452 397 1530 culpae
416 1457 595 1534 praetentum
614 1393 733 1528 induent,
779 1449 850 1526 uod,
870 1469 959 1534 quum
979 1473 1011 1512 se
1031 1449 1183 1517 attrectan-

22 1533 101 1591 dum
136 1531 296 1613 praebeat,
326 1535 442 1589 manent
465 1535 562 1589 tamen
586 1531 707 1590 attoniti.
754 1471 821 1609 &aa
845 1529 881 1592 dc
905 1553 937 1594 re
955 1533 1039 1616 plura
1058 1536 1182 1597 diximus
1208 1545 1215 1596 ”.

22 1615 130 1693 eapite
153 1612 406 1690 decimoquarto.
657 1614 663 1634 ·
824 1647 827 1656 .

115 1695 271 1766 &samnis
293 1711 356 1750 non
380 1691 469 1770 longe
493 1688 576 1748 niort
622 1685 691 1766 Quo
719 1687 810 1767 magis
835 1690 1008 1770 constringat
1032 1691 1180 1754 homiuum

23 1774 232 1852 pravitatem,
261 1769 359 1828 Deum·
381 1766 474 1846 longis
498 1765 662 1846 amhagibus
688 1766 735 1826 vel
760 1766 901 1826 laborioso
924 1769 1023 1830 itinere
1043 1793 1181 1852 quaereu-

23 1854 100 1910 dum
124 1871 199 1910 esse
217 1855 311 1930 negat,
331 1849 399 1929 quia
417 1847 500 1906 illum
520 1848 641 1926 quisque
660 1847 690 1904 in
711 1864 741 1904 se
759 1846 823 1926 ipso
842 1846 975 1920 inveniet,
995 1851 1019 1907 si
1039 1854 1124 1912 modo
1139 1861 1180 1913 at·

24 1931 157 1990 tendere
186 1930 270 1989 velit:
301 1947 358 2008 qua
382 1927 557 2008 experientia
582 1927 793 1997 convincimur,
822 1924 907 2005 cplpa
930 1946 988 2007 non
1014 1947 1110 1990 carere
1129 1951 1181 1990 no·
1267 1984 1268 1992 ,

26 2017 125 2069 stram
149 2007 365 2080 hebetudinem,
385 2022 472 2086 quam
492 2011 588 2066 tamen
607 2023 645 2064 ex
666 2005 746 2064 Adae
765 2003 829 2063 labe
848 2007 1050 2065 contraximus.
1072 2007 1181 2086 Quam.
1236 2068 1245 2078 ,

27 2091 76 2148 vis
99 2091 191 2148 enim
210 2087 306 2148 nullus
325 2085 425 2146 mnndi
445 2084 565 2166 angerius
585 2083 681 2164 aliquo
702 2085 807 2163 gloriae
819 2081 875 2142 Dei
893 2084 1055 2145 testimonio
1073 2107 1182 2150 vacuus

27 2171 86 2244 sit,
107 2169 191 2228 nihil
209 2173 305 2228 tamen
325 2183 398 2246 opus
418 2170 462 2223 est
482 2170 564 2222 extra
583 2169 635 2222 hos
655 2163 764 2244 egredi,
785 2169 817 2222 ut
836 2181 902 2222 eum
921 2181 937 2221 a
958 2163 1182 2244 prebendarum:

27 2267 85 2308 sna
108 2251 194 2308 enirn
214 2249 319 2306 virtute
338 2248 416 2304 intus
435 2261 668 2322 unumquemque
689 2248 816 2302 nostrum
836 2241 912 2300 sica
946 2245 999 2316 cit,
1028 2252 1061 2304 at
1085 2248 1180 2327 prodi.

49 2330 81 2387 io
104 2327 213 2387 similis
233 2328 270 2384 sit
288 2331 386 2384 notha
406 2323 570 2403 stupiditas,
616 2323 672 2381 uod
698 2341 765 2380 eum
791 2321 938 2389 sentiendo
957 2341 1015 2383 non
1035 2327 1180 2388 sentimus.

28 2350 100 2466 blac
127 2407 243 2466 ratione
268 2405 383 2484 qnidam
408 2421 445 2462 ex
464 2342 810 2482 Philosophis‘horninem
829 2407 968 2461 vocarunt
986 2403 1182 2480 prsquoonov

27 2485 118 2566 quod
141 2501 214 2564 prae
233 2483 294 2542 aliis
314 2480 445 2542 omnibus
466 2483 602 2541 creaturis
627 2481 772 2563 specimen
796 2481 833 2540 sit
852 2480 957 2561 gloriae
975 2479 1032 2541 Dei
1052 2482 1183 2542 innume·

28 2569 73 2625 ris
96 2557 247 2621 miraculis
265 2562 409 2621 refertum.

120 2643 174 2703 28.
214 2644 338 2722 inipso
356 2650 442 2702 enim.
480 2637 585 2700 Fateor
603 2639 757 2722 Apostolos
781 2640 862 2699 iaxta
886 2635 1044 2700 hebraicam
1064 2639 1182 2724 phrasin

57 2719 217 2780 articulum
245 2729 278 2782 tn
307 2731 392 2802 saepe
421 2721 548 2802 accipere
578 2721 643 2779 loco
671 2743 741 2801 per.-
770 2720 821 2778 sed
851 2720 916 2800 quia
945 2721 1075 2801 loquutio
1100 2721 1181 2799 baec,

31 2743 132 2880 guod
154 2800 185 2859 iu
204 2797 269 2860 Deo
289 2803 432 2875 vivamus,
456 2802 545 2882 magis
565 2799 724 2880 emphatica
744 2806 788 2860 est
808 2817 841 2859 ac
861 2798 925 2880 plus
945 2799 1093 2938 exprimit,
1117 2820 1181 2862 eam

31 2889 156 2942 mutare
176 2901 235 2940 uon
274 2881 373 2940 lacuit:
403 2901 497 2960 neque
516 2880 592 2939 enim
612 2877 711 2938 dubito
731 2881 801 2960 quin
820 2877 958 2958 significet
1002 2881 1098 2953 aulus,
1125 2901 1180 2942 nos

33 2963 66 3034 ip
88 2961 162 3020 Deo
186 2901 398 3040 quodammodo
422 2959 574 3033 contineri‘,
604 2959 671 3037 quia
697 2975 748 3018 sua
772 2959 802 3016 in
826 2957 908 3017 nobis
932 2957 1037 3018 virtute
1063 2959 1180 3020 habitat.

34 3042 143 3121 Atque
162 3041 227 3099 ideo
247 3059 309 3100 sess
329 3059 346 3098 a
366 3036 651 3098 c1·eatnrisomnlbus
671 3035 752 3094 Deus
775 3037 838 3115 ipse
863 3036 977 3096 nomine
996 3036 1119 3097 lehovee
1138 3058 1180 3097 se·
1216 3053 1222 3070 ·

35 3126 136 3200 parat,
162 3125 196 3176 at
215 3119 336 3178 sciamus
355 3117 470 3196 proprie
490 3115 635 3195 loquendo
659 3115 755 3196 ipsum
773 3133 836 3173 esse
856 3115 963 3174 solum:
989 3135 1041 3174 nos
1062 3135 1131 3176 vero
1150 3119 1181 3176 in

34 3219 74 3258 eo
103 3195 274 3266 subsistere,
325 3201 445 3254 actenus
469 3214 521 3254 suo
546 3215 599 3254 uos
619 3193 729 3275 Spiritu
753 3195 867 3272 vegetat
890 3199 919 3254 et
938 3197 1065 3253 sustinet.
1106 3191 1180 3254 Nom
1290 3257 1297 3274 ⁸

36 3297 93 3358 per
115 3293 218 3335 omnes
237 3217 336 3333 mundi
355 3280 451 3354 partes
471 3273 573 3333 diffusa
598 3279 641 3332 est
665 3275 709 3332 vis
728 3271 868 3354 Spiritus,
897 3291 972 3352 quae
996 3279 1108 3332 tueatur
1132 3293 1181 3334 eas

36 3359 68 3415 in
91 3375 149 3415 suo
169 3360 259 3427 statu,
289 3353 370 3413 coelo
395 3361 425 3412 et
443 3353 683 3432 terrae-vigorem
703 3371 789 3431 quern
808 3351 962 3427 ceruimus,
992 3353 1181 3413 animantibus

38 3437 132 3495 etiam
158 3440 270 3493 motum
295 3431 469 3514 suppeditet:
499 3453 558 3492 uon
582 3431 705 3512 qualiter
728 3431 885 3511 phrenetici
911 3431 1040 3492 homines
1060 3433 1180 3493 deorum

60 3515 133 3575 lena'
151 3532 214 3572 essa
234 3515 328 3573 ornnia
348 3519 501 3594 nugantur,
520 3513 579 3571 imo
591 3513 624 3570 'la
647 3511 705 3570 idat
725 3529 787 3571 csse
807 3512 884 3584 deos,
904 3511 954 3571 sed
969 3514 1040 3593 'qaia
1059 3513 1180 3573 admira·

40 3535 90 3652 bili
112 3593 238 3676 Spiritus
258 3595 302 3652 sui
322 3594 420 3672 vigore
439 3599 469 3651 et
487 3593 622 3652 instinctu
663 3609 722 3662 ens,
743 3609 928 3672 quaecunque
947 3611 983 3651 ex
1003 3592 1092 3652 nibilo
1112 3596 1178 3652 couss

41 3673 129 3748 didit,
160 3679 336 3733 conservat..
365 3671 518 3746 Caeterum
548 3671 595 3732 liic
623 3671 803 3750 peculiariter
831 3669 864 3730 lit
887 3671 1035 3731 homiuum
1060 3675 1180 3744 mentio,

42 3754 110 3830 quia
131 3753 244 3812 dixerat
262 3750 369 3811 Paulus
388 3770 447 3810 uon
468 3749 569 3832 procul
587 3751 641 3810 illis
662 3749 855 3830 quaerendum
874 3767 935 3810 esse
955 3749 1067 3824 Deum,
1092 3770 1179 3832 quem

41 3833 119 3892 intus
141 3832 265 3892 habena
296 3829 386 3890 Porro
406 3849 496 3910 quum
516 3831 574 3888 vita
593 3828 741 3889 hominum
761 3827 945 3889 excellentior
969 3833 1007 3890 sit
1025 3837 1121 3904 motu,
1149 3837 1179 3889 et

42 3918 138 3971 motos
159 3911 296 3970 essentiae
318 3917 451 3990 praestet,
471 3909 548 3990 quod
568 3911 752 3990 praecipuam
772 3916 833 3968 erat
852 3907 959 3968 Paulus
979 3927 1091 3969 sommo
1111 3909 1176 3970 loco

41 3992 148 4068 posuit,
169 3997 202 4050 nt
221 3989 358 4072 gradatim
378 3989 413 4050 ad
434 3991 583 4048 essentiam
603 3988 794 4062 descenderet,
814 3989 870 4048 hoc
889 4007 983 4063 sensu,
1004 3988 1070 4048 Non
1089 3990 1177 4050 modo

41 4071 120 4129 nulla
140 4069 222 4130 nobis
242 4071 296 4128 uisi
315 4070 346 4127 ln
364 4066 430 4127 Deo
450 4071 509 4128 vita
530 4069 669 4150 suppetit,
699 4067 749 4128 sed
778 4087 815 4127 ne
839 4055 933 4128 motui
958 4069 1088 4150 quidem:
1117 4071 1176 4130 imo

42 4165 96 4207 nec
124 4151 259 4224 essentia,
289 4165 363 4228 quae
387 4155 510 4226 utroque
533 4156 578 4206 est
600 4147 724 4207 inferior.
765 4146 840 4207 Dico
859 4150 947 4208 vitam
966 4151 995 4208 iu
1015 4148 1176 4210 hominibus

43 4230 221 4306 praecellere,
251 4231 317 4308 quia
347 4245 406 4286 uon
431 4227 518 4286 modo
541 4245 655 4286 sensum
679 4235 709 4287 et
732 4236 842 4288 motum
866 4227 973 4289 habent
995 4246 1061 4289 cum
1085 4229 1176 4289 brulis

43 4308 197 4382 pecudibus
227 4324 423 4380 communem,
458 4305 508 4366 sed
537 4307 646 4366 ratione
679 4313 709 4368 et
738 4307 922 4388 intelligentia
950 4310 1071 4388 praediti
1100 4316 1175 4368 suot.

45 4380 140 4460 Quare
159 4389 260 4449 merito
280 4386 430 4470 Scriptura
446 4387 590 4469 singulare
609 4386 685 4447 istud
705 4385 820 4464 donum,
840 4407 906 4531 Qu.
918 4407 972 4449 nos
992 4385 1073 4451 Dens
1093 4405 1175 4448 orua-
