2786 4870
416 229 603 296 suissuis
622 227 895 295 utoicsuotuit.
1179 255 1212 298 ai

91 370 224 442 fallendi
244 387 348 438 musa:
374 385 450 432 uam
477 329 593 456 quihus
611 363 780 455 mnesigiia
800 361 852 430 vel
872 360 1027 432 lusciosos
1048 364 1157 434 ocolus
1177 364 1211 433 iit
1282 388 1284 396 ·

91 491 182 548 rama
201 477 270 544 luce
289 471 439 541 deludere
460 470 638 539 tentarent‘l
656 467 721 538 Sed
736 467 821 558 quia
835 469 1212 538 hauc'meutieudilicen·

92 587 171 652 tiam
189 583 221 649 in
243 576 416 670 ιγιιιιιιιιιιιι
437 592 512 644 sirac
533 586 621 668 parte
641 575 800 666 deputant,
822 572 879 640 sihi
900 590 974 640 nou
987 573 1216 668 uidenturtpro'
1295 577 1305 594 ⁹
1382 565 1383 656 J

92 700 171 756 roto
191 683 361 766 dominari,
387 681 447 748 iiiii
460 681 701 748 'contumeliose
720 679 849 747 miserm
870 678 989 746 animoa
1002 680 1210 749 'submonent

89 793 143 862 Nc
163 792 293 884 longius
314 797 436 882 petatur
457 787 647 878 exemplum,
668 795 775 852 nostm
796 794 897 852 aetate
911 785 1046 852 usmis
1063 787 1212 856 uuncPiu

90 911 160 966 tres
181 895 399 976 'tudinum
418 913 505 962 nuuc
525 891 757 972 Bononienscs,
784 911 882 980 quum
904 889 1063 960 hostiliter·
1075 892 1163 960 inter·
1177 915 1212 966 aa

96 1001 351 1095 digladiarentur,
371 993 528 1089 utrimque
548 1007 654 1068 tamen
676 1005 826 1066 ventosoa
848 993 1080 1063 suosGanones
1102 997 1213 1090 despu-

96 1130 196 1183 rnare
250 1102 292 1174 Et
306 1125 389 1172 'saue
416 1101 676 1194 ai·acquiescitur
707 1123 817 1168 eorum
848 1099 1021 1191 principiis,
1054 1103 1211 1194 utrimque

97 1213 283 1304 triumphus·
296 1219 423 1301 paratus
443 1210 508 1278 erit.
551 1207 670 1276 Sedent
691 1205 752 1274 illio
772 1205 921 1297 Episcopi
942 1206 1048 1273 nescio
1070 1219 1157 1298 quot,
1180 1199 1215 1278 et'

98 1319 235 1404 ahtana
256 1327 391 1384 ueritum·
406 1313 532 1410 loraari
526 1323 680 1382 cornutae
701 1312 825 1380 herhas.
858 1309 893 1378 Si
913 1309 973 1378 llos
995 1311 1217 1383 aclechaaiin'iis

96 1423 193 1492 totius
214 1421 316 1514 geritis
338 1419 401 1488 illic
420 1399 545 1502 niteret,
571 1417 648 1486 niliil
669 1428 774 1485 tamen
796 1426 879 1485 esset
900 1415 983 1484 aliud
1005 1429 1101 1507 quam
1120 1420 1214 1488 coele.

96 1539 162 1596 rata
188 1529 221 1594 iii
248 1526 357 1594 Deum
385 1525 580 1646 conspiratio.
635 1523 728 1591 Nune
754 1546 830 1591 vero
856 1532 1026 1612 postquam
1054 1523 1153 1591 lorlnr
1180 1535 1213 1594 et

97 1631 309 1724 quisquilias
300 1654 414 1722 impuri
405 1631 597 1722 putidique
618 1630 680 1696 sui
688 1629 787 1720 gregis
809 1628 841 1694 in
862 1651 959 1694 unam
980 1625 1122 1696 laminam
1144 1653 1215 1696 con-

98 1739 197 1830 gessit
216 1737 309 1827 Papa,
331 1737 403 1804 inde
425 1736 527 1804 subito
545 1733 811 1830 repraesentativa
831 1731 969 1802 Ecclesia
990 1735 1147 1824 emerget?
1172 1735 1215 1802 Er

101 1843 205 1912 adhue
219 1842 302 1908 nihl
322 1863 378 1908 eoa
398 1841 529 1932 pudet
517 1841 664 1922 Sacrum,
686 1839 850 1919 Consule,
872 1848 904 1906 et
925 1837 1114 1931 Legitimum
1135 1836 1222 1927 Con-¹¹
1276 1895 1280 1902 .

100 1948 208 2018 cilium
241 1945 388 2030 ιοιιιιιιο,
422 1947 575 2037 quodne
602 1946 702 2014 inanis
734 1945 860 2034 quidem
888 1954 921 2011 et
946 1944 1063 2012 comico
1085 1917 1216 2042 Consilii

75 2115 77 2118 .
99 2053 186 2120 larva
209 2053 269 2120 dici
291 2053 444 2121 meretur?
465 2053 534 2120 Nos
555 2073 641 2133 vero,
664 2051 779 2141 quihus
802 2049 871 2148 data
893 2059 942 2116 est
958 2049 1138 2140 promissio,
1155 2050 1217 2118 Aii-

99 2159 284 2242 tichristnm,
306 2159 414 2249 quiin
434 2155 553 2248 templo
569 2157 631 2226 Dei
653 2159 749 2238 redu,
771 2139 881 2245 spirito
903 2154 965 2222 oris
976 2151 1106 2222 Domini
1127 2178 1216 2246 opor.
1253 2191 1261 2216 ι,

98 2278 164 2333 tere
185 2265 319 2346 destrui,
339 2264 464 2331 foedam
485 2265 567 2330 hanc
588 2273 622 2330 et
640 2261 848 2347 ¹meretriciam
870 2259 1095 2351 impudentiam
1118 2273 1216 2360 sacro

100 2369 286 2454 sanetoillo
308 2369 413 2452 verbo,
435 2369 486 2436 ciii
506 2379 571 2436 tam
593 2355 737 2436 audacter
757 2357 916 2448 insultant,
931 2355 1070 2437 refellere
1085 2376 1152 2436 noh
1168 2369 1217 2438 do

102 2477 256 2543 sinamus·
287 2483 323 2541 ut
354 2473 456 2566 pelam
488 2475 635 2542 omnibus
661 2474 728 2556 fiir,
762 2471 837 2573 quid
864 2473 945 2539 inter
965 2481 1082 2540 castam
1103 2471 1217 2544 Christi

103 2604 254 2671 sponsam
276 2591 307 2648 et
327 2579 477 2650 foetidum
498 2577 598 2648 Belial
623 2589 778 2663 scortum,
812 2565 888 2670 quid
908 2577 988 2646 inter
1009 2579 1218 2656 sanctuarium

103 2686 164 2754 Dei
185 2697 226 2754 et
238 2685 370 2754 &tanae
391 2687 536 2776 lupanar,
562 2685 638 2776 qnid
663 2685 744 2753 inter
771 2683 928 2778 spirituale
949 2684 1073 2784 piorum
1095 2685 1218 2755 domici·

102 2791 182 2860 lium
202 2802 234 2866 et
254 2813 425 2884 porcorum
445 2785 565 2874 haram,
586 2790 662 2881 quid
684 2789 818 2881 denique
839 2791 1037 2860 interveram
1046 2787 1218 2882 Ecclesium

102 2910 133 2966 et
152 2897 328 2966 Romanam
349 2897 468 2965 curioni
488 2897 617 2966 intersit.
661 2895 764 2964 Huius
784 2898 830 2964 rei
850 2896 934 2964 milla
957 2896 1069 2964 certior
1089 2897 1141 2965 vel
1156 2925 1218 2966 ma·

83 2989 168 3094 'gis
171 3001 311 3086 dilucida,
332 3025 436 3092 neque
458 3001 496 3068 ah
517 2991 655 3085 Euclide,
677 3026 780 3092 neque
803 3001 841 3068 ab
852 2999 1036 3068 Archimede
1059 3003 1157 3072 aliern
1169 3007 1218 3074 de·

102 3108 289 3174 monstratio
308 3117 422 3198 potest,
444 3131 545 3200 quarn
561 3107 764 3188 aiEcclcsiae,
787 3106 887 3196 qualis
905 3105 1018 3172 aliuco
1031 3107 1219 3192 describitur,

106 3216 357 3304 cumsynag‘oga
375 3211 481 3304 Papali
502 3213 556 3280 liat
577 3211 777 3303 comparatio.
811 3207 922 3300 Neque
933 3233 1009 3278 vero
1025 3213 1218 3300 usqueadeo

107 3339 182 3383 sum
203 3317 332 3408 rigidus,
357 3329 393 3386 ut
412 3319 452 3386 ad
474 3341 618 3386 nonnam
639 3317 879 3408 Apostolorum,
901 3337 992 3404 qnae
1015 3317 1149 3406 angelica
1173 3332 1221 3388 est

106 3445 145 3492 ac
167 3419 320 3506 coelestis,
342 3423 507 3492 confusum
527 3418 612 3492 istud
633 3423 738 3504 chaos,
760 3443 865 3542 aquo
887 3429 919 3488 et
939 3430 1066 3488 naturae
1089 3423 1167 3489 ordo
1189 3433 1222 3494 et
1300 3482 1315 3502 ,ι

105 3527 310 3595 humanitatis
330 3527 407 3596 mtio
428 3529 554 3620 penitus
581 3528 740 3609 ahhorret,
775 3527 898 3616 exigere
923 3525 1034 3592 velimi
1069 3525 1095 3592 si
1123 3519 1220 3596 modo

107 3633 279 3715 ostendant,
302 3635 470 3724 quicquam
492 3631 574 3701 sihi
573 3657 642 3701 esse
663 3632 765 3715 aliine,
786 3628 843 3722 pe'r
864 3653 915 3698 me
938 3652 1013 3697 sarie
1034 3629 1095 3698 illis
1117 3633 1221 3700 trium·

108 3735 203 3826 phare
223 3737 320 3806 dcent.
363 3738 429 3807 Sed
451 3763 550 3830 quum
572 3739 635 3806 sint
656 3737 762 3806 omnia
790 3737 954 3818 contraria,
983 3735 1102 3802 etiamsi
1122 3739 1222 3808 maior

107 3863 182 3931 pars
202 3842 362 3908 hominum
386 3853 500 3934 sponte
522 3845 688 3926 succutiat,
709 3852 778 3914 toto
801 3841 912 3910 saltem
933 3842 1100 3932 plaudente
1122 3845 1222 3927 coelo,
1252 3865 1260 3888 ¹
1296 3889 1299 3894 -
1338 3837 1342 3844 ’

106 3945 273 4014 vecordem
295 3971 408 4014 corum
430 3949 606 4039 superbiam
626 3969 692 4014 non
714 3947 811 4015 modo
833 3947 984 4036 intrepide
1012 3957 1222 4032 contemnere,

105 4049 162 4138 ped
188 4049 283 4119 lihere
312 4052 408 4119 etiam
435 4055 595 4122 traducere
622 4052 713 4120 uobis
740 4052 852 4120 licebit
907 4050 1026 4119 Interea
1052 4077 1117 4124 non
1144 4057 1222 4126 levis

104 4155 282 4224 consolatio
304 4179 365 4224 nos
387 4165 553 4243 sustentat,
575 4159 662 4250 quod
685 4179 792 4248 quum‘
805 4157 961 4226 Ecclesiae
982 4157 1107 4226 titulum
1129 4165 1222 4232 nobis

104 4260 307 4352 superciliose
330 4273 492 4352 opponant
513 4263 663 4355 Papistae,
685 4262 777 4329 nohis
798 4271 901 4330 tamen
924 4265 1046 4330 nonnisi
1068 4289 1139 4332 cnm
1153 4291 1221 4357 pro*

103 4367 195 4436 tersia
217 4363 335 4443 Christi
357 4367 638 4438 hostihua·helluin
660 4391 730 4437 csse
751 4368 876 4438 scimus.
899 4367 1078 4462 Optandom
1095 4373 1220 4463 quidem
