2742 4856
534 229 664 302 corus
680 205 759 296 xm.
1146 241 1206 308 ear

85 349 193 424 mendo,
211 345 269 418 Dei
287 343 459 428 praesidium
478 365 632 429 opponere,
650 367 736 431 quem
756 347 809 412 sibi
828 349 963 446 reposuit
981 361 1044 412 esse
1062 358 1208 418 auctorem

84 431 196 496 sciebat
216 427 273 490 Sed
293 445 384 507 quum
403 425 493 507 ligura
512 435 586 488 esset
605 431 665 490 veri
683 427 812 504 Messiae,
830 449 935 492 sumus
953 431 985 492 in
1003 431 1067 492 cius
1086 452 1208 513 persom

85 511 163 572 rolris
187 505 355 570 adumbrata
379 525 456 579 esse,
480 523 554 586 qnae
577 509 690 571 nonani
708 493 894 572 iu'ltiessinm
917 510 1007 572 solide
1033 519 1207 594 competunt.
1243 571 1247 581 ,

84 589 121 652 Et
143 594 274 650 ostentus
298 586 367 654 satis
391 585 497 646 evincit
513 606 572 648 non
591 589 748 684 simplicem
766 589 930 686 nudpmtpue
948 587 1101 685 gratiarum
1121 593 1208 654 actio·

83 690 171 812 tte.
186 663 1218 830 ttttttttttlt'ttta‘ttt?,tt‘tttfflttatt

84 827 223 888 Davidem
246 828 279 886 iu
300 825 430 885 suavita
449 825 550 886 libasse
569 829 636 890 satis
655 832 755 890 uotum
774 833 829 888 est:
854 847 910 908 qua
930 827 966 889 de
985 847 1017 889 rc
1035 770 1118 910 plura
1137 831 1209 891 dixi·

84 927 146 968 mus
170 924 257 986 supra
278 906 309 967 iu
333 911 419 986 caput
438 903 466 966 4.
505 903 590 966 Nunc
613 908 730 990 propius
749 906 909 968 intueamur
927 907 1021 968 vute.
1061 907 1211 970 Vocantur

85 982 198 1068 quidem
222 1003 301 1064 reges
324 983 355 1042 iu
377 1002 528 1044 commune
551 984 602 1048 tilii
625 983 696 1061 Dei,
720 982 800 1046 Psal.
820 989 874 1062 82,
892 989 921 1050 6.
966 985 1026 1048 Sed
1086 1009 1135 1048 um
1154 987 1211 1048 Dei

82 1065 234 1138 ,consilium
254 1064 298 1136 sit,
316 1060 456 1122 Davidem
475 1066 587 1148 regibus
606 1065 668 1126 aliis
687 1066 829 1148 praeferre
847 1071 877 1126 et
895 1064 1021 1130 eximere
1033 1009 1209 1128 iliis-tumnu-

85 1164 175 1219 mcro,
196 1143 242 1202 lric
261 1141 376 1202 honoris
400 1141 499 1202 titulus
521 1141 579 1204 κατ’
596 1143 695 1220 ἐξοχὴν
717 1145 758 1208 illi
780 1163 849 1225 prce
873 1144 934 1206 aliis
959 1145 1089 1208 omnibus
1112 1146 1210 1208 uibui·

86 1231 145 1286 tur:
171 1241 229 1282 non
253 1222 330 1302 quud
353 1228 449 1282 tantus
467 1219 561 1282 honor
578 1226 693 1305 proprie
712 1227 742 1288 iu
761 1225 963 1305 petronacius
981 1226 1115 1300 resideat,
1141 1227 1209 1308 quir

85 1304 142 1364 hoc
159 1302 245 1362 modo
264 1300 369 1383 augelis
388 1321 503 1382 quoque
521 1305 709 1384 praestantior
722 1310 804 1377 esset,
824 1309 856 1363 ut
871 1301 1211 1380 habeturadttebr.1‚t
1317 1365 1320 1384 ι

84 1381 182 1462 ltaque
202 1380 307 1442 Christi
326 1388 465 1462 respectu,
484 1385 564 1442 cuius
583 1382 677 1462 imago
696 1391 772 1460 erat,
791 1389 851 1444 tam
870 1381 1020 1464 magnifice
1038 1391 1157 1444 ornatur
1176 1389 1210 1444 nt

86 1482 150 1524 eum
168 1459 250 1522 Deus
274 1481 333 1521 nou
353 1459 513 1541 vulgarem,
537 1480 591 1522 uec
610 1462 732 1544 aliquem
751 1485 790 1525 ex
808 1460 921 1537 multis,
943 1462 995 1523 sed
1014 1465 1096 1544 quasi
1114 1465 1211 1545 unige-

84 1543 175 1603 nitum
199 1539 291 1602 filium
319 1547 463 1622 agnoscat.
507 1539 645 1620 Sequitur
667 1542 811 1622 probatio,
835 1537 911 1620 Quia
941 1539 1023 1604 Deus
1046 1542 1056 1604 i
1077 1561 1140 1604 sum
1164 1561 1212 1622 ge·

85 1623 185 1696 nuent,
205 1640 295 1700 qaum
313 1639 433 1702 regnum
453 1617 588 1680 stabilivit
606 1620 636 1678 in
655 1623 715 1682 eius
734 1639 834 1682 munus
853 1639 949 1700 neque
963 1623 1043 1682 enim
1055 1565 1211 1684 lominum

85 1701 220 1762 industria
243 1699 273 1760 id
291 1699 398 1759 iactum
421 1703 479 1772 est,
502 1697 552 1758 sed
571 1695 652 1758 Deus
674 1700 811 1761 mvtetam
833 1717 935 1759 munus
953 1719 1022 1760 suae
1040 1703 1212 1772 matutae

86 1780 165 1845 coelo
185 1780 324 1855 exseruit,
349 1777 425 1839 unde
443 1777 537 1858 palam
557 1785 700 1840 constaret
717 1781 813 1860 ipsum
831 1775 927 1838 divino
946 1780 1064 1840 consitio
1083 1798 1210 1861 regnare.

85 1855 161 1940 Ergo
187 1861 314 1940 genitura
335 1856 391 1918 ista
415 1859 496 1918 cuius
516 1857 642 1918 meminit
661 1859 698 1918 ad
716 1855 864 1918 hominnm
882 1875 997 1917 sensum
1015 1857 1063 1918 rel
1081 1860 1212 1918 notitiam

86 1939 182 2000 reterri
202 1937 298 1998 debet:
321 1956 424 2016 nempe
442 1936 520 2016 quod
539 1937 633 2016 palam
651 1943 721 1998 tuno
739 1936 884 2016 cognitum
901 1943 961 2008 est,
979 1937 1105 2016 genitum
1123 1935 1215 2012 luisse,

86 2017 201 2093 aDeo,
230 2037 320 2098 quum
343 2016 507 2078 mirabiliter
529 2017 608 2096 regui
632 2016 736 2076 solium
760 2021 872 2096 practer
896 2015 1026 2074 omnium
1041 2033 1122 2096 spem
1142 2033 1210 2074 cou-

85 2099 208 2170 scendit,
232 2105 261 2157 ct
280 2096 409 2158 coelestis
429 2094 552 2176 Spiritus
571 2096 678 2156 virtute
697 2097 859 2156 innumeras
878 2092 961 2174 fregit
979 2095 1212 2174 conspirationes,

86 2179 152 2258 quia
176 2195 294 2257 regnare
316 2179 386 2236 uon'
401 2182 511 2257 poterat
534 2175 588 2233 uisi
612 2174 742 2255 gentibus
766 2172 897 2234 omnibns
920 2173 1020 2232 vicinis
1039 2172 1092 2234 sub
1111 2175 1211 2254 iugum

86 2258 205 2332 conctis,
228 2259 309 2336 quast
333 2255 451 2315 subacto
475 2253 600 2334 modam
623 2254 740 2316 mundo.
782 2251 867 2312 Nunc
890 2251 927 2312 ad
946 2249 1092 2312 Christum
1115 2255 1211 2313 venia·
1273 2261 1279 2271 “

85 2356 158 2398 mus.
197 2333 263 2396 Non
281 2334 387 2414 pr‘odirt
405 2339 481 2393 certo
498 2334 529 2392 iu
548 2332 686 2400 mondum
704 2336 765 2396 siue
784 2332 959 2405 testimonio,
1019 2351 1037 2392 o
1056 2351 1088 2392 ss
1107 2331 1211 2402 Filium

83 2415 142 2478 Dei
160 2414 308 2496 probaret:
328 2413 479 2492 conspicua
497 2413 573 2474 euim
591 2412 647 2473 fuit
664 2415 725 2476 eins
744 2412 848 2494 gloria,
866 2410 959 2492 qualis
997 2409 1095 2472 scebat
1113 2412 1210 2492 unige-

84 2499 180 2558 nitum
189 2493 261 2568 Dei,
280 2495 353 2552 siem
371 2491 491 2552 habetur
508 2491 548 2554 lc.
559 2497 588 2566 1,
608 2493 655 2555 14.
674 2500 704 2556 et
723 2493 828 2574 passim
846 2492 932 2552 iactat
949 2509 981 2552 se
990 2488 1086 2554 Deum
1105 2489 1210 2554 habere
1273 2551 1275 2558 ,
1318 2491 1327 2538 Γ

82 2581 187 2638 testem
215 2590 249 2631 ac
274 2572 415 2649 ,vindicem
444 2570 529 2633 huius
557 2571 681 2634 honoris.
727 2572 832 2634 Geuuit
855 2591 923 2651 ergo
948 2568 1030 2632 Dum
1054 2569 1211 2644 Christum,

82 2673 177 2736 quum
206 2651 230 2710 ci
256 2657 346 2712 certas
370 2657 452 2714 notos
475 2652 636 2734 insculpsit,
664 2653 741 2714 unde
764 2671 833 2712 vere
856 2657 886 2710 el
904 2669 1037 2732 expresse
1055 2651 1130 2712 illius
1149 2649 1211 2712 effi·

82 2736 146 2816 gics
164 2737 194 2792 ct
211 2727 286 2791 tilius
304 2738 511 2812 agnosceretur.
529 2731 630 2872 Nepae
648 2739 743 2794 tamen
761 2731 818 2792 hoc
836 2729 938 2804 obstet,
957 2731 1109 2812 quominus
1128 2728 1211 2792 curt·

83 2820 148 2874 stus
173 2811 309 2890 sapientia
333 2813 369 2871 sut
388 2811 424 2872 ab
443 2817 558 2872 aeterno
603 2819 663 2874 atrs
682 2819 748 2872 ante
766 2819 879 2892 tempus
898 2811 1006 2890 genita,
1029 2811 1078 2871 sed
1097 2811 1146 2872 illa
1165 2830 1210 2870 ar·

84 2909 156 2953 caua
175 2897 218 2950 est
238 2893 393 2971 generatio:
412 2911 489 2951 nuuc
507 2899 603 2952 autem
642 2893 764 2952 medicat
782 2889 878 2950 David
896 2890 1104 2952 manifestatum
1123 2891 1211 2952 luisse

83 2969 256 3067 hominibus.
301 2961 344 3030 tta
367 2971 466 3066 relatio
491 2977 536 3066 est
560 2915 739 3065 utaiiximus
758 2971 794 3030 ad
813 2969 956 3064 homiues,
979 2989 1039 3034 nun
1057 2969 1094 3030 ad
1113 2967 1211 3064 Ileum

84 3070 154 3190 tt.
177 3047 1213 3210 qiideiiiiidsiiigiiaPiuii‘iiiiiiiiffiisifiisiiiil

108 3209 223 3289 oculuit
242 3207 349 3270 Christi
372 3207 518 3280 diviuitas,
541 3225 628 3288 quum
653 3209 677 3268 si
696 3214 763 3268 ants
780 3205 927 3266 hominum
946 3205 1045 3265 oculos
1064 3206 1175 3286 genitus
1195 3224 1213 3264 a

84 3230 151 3348 ilico
170 3289 253 3350 toret.
280 3289 365 3348 'Scio
384 3287 538 3368 Augustini
560 3288 699 3367 argutiam
718 3287 859 3367 plerisque
878 3285 966 3364 magis
984 3283 1109 3364 placere,
1134 3282 1213 3362 quod

85 3369 174 3430 hodie
199 3373 369 3450 perpetuum
396 3372 520 3428 notetur.
570 3367 659 3446 Atqui
687 3365 736 3426 ubi
759 3363 882 3444 Spiritus
910 3364 971 3444 ipse
995 3361 1051 3423 Dei
1074 3364 1212 3443 interpres
1287 3360 1290 3375 '

84 3467 157 3509 anns
176 3453 234 3523 est,
253 3455 282 3506 et
300 3447 379 3527 quod
397 3467 450 3529 per
467 3444 609 3508 Davidem
628 3447 743 3508 dixerat
756 3463 808 3526 per
827 3462 860 3503 us
878 3441 961 3502 Pauli
979 3443 1110 3523 exponit,
1129 3438 1212 3512 nobis

82 3529 129 3588 fas
158 3547 219 3588 uun
246 3533 291 3588 est
313 3528 401 3587 alium
430 3547 544 3588 sensum
572 3526 755 3588 comminisci.
800 3521 964 3590 Caeterum,
994 3541 1083 3602 quum
1110 3521 1212 3582 eodem

83 3605 178 3670 Paulo
201 3614 273 3668 teste
292 3605 390 3684 (Rom.
410 3611 439 3682 1,
459 3608 501 3682 4.)
521 3605 654 3668 Christus
672 3607 701 3668 iu
721 3606 846 3687 potentis
865 3600 1057 3662 manifestatam
1071 3600 1155 3661 fuerit
1167 3599 1212 3662 Fi·

83 3687 141 3748 lins
154 3685 220 3762 Dei,
239 3707 330 3768 quum
348 3689 501 3748 resurrexit
520 3707 537 3748 a
555 3688 685 3762 mortuis,
704 3685 769 3745 colli
789 3684 861 3744 'mos
881 3681 937 3742 huc
950 3681 1116 3762 primarium
1125 3679 1213 3741 inisse

84 3767 219 3828 coelestis
241 3767 425 3830 excellentiae
449 3767 605 3848 specimen,
628 3775 657 3828 ct
680 3774 750 3828 tunc
770 3705 859 3824 {ater
883 3780 951 3822 rere
974 3780 1040 3822 eum
1058 3757 1094 3820 iu
1118 3761 1215 3822 lucem

83 3847 205 3921 extulit,
228 3852 262 3906 ut
285 3847 408 3912 muudus
430 3849 493 3928 ipso
518 3849 644 3926 genium
666 3865 728 3908 esse
748 3845 840 3906 sciret
881 3837 1020 3920 Quamvis
1039 3857 1107 3920 ergo
1127 3840 1214 3900 susm-

82 3927 142 3987 turi
152 3923 284 3988 Christus
298 3945 320 4006 ,a
339 3925 404 3988 Deo
423 3927 558 4010 coeperit,
577 3926 691 4007 quando
710 3923 816 4004 prodiit
834 3921 863 3982 in
878 3920 1025 3989 muudum,
1045 3919 1214 3980 resurrectio

76 4010 184 4066 'tamen
203 4007 285 4088 quasi
304 4007 377 4066 iusta
396 4013 426 4066 et
444 4005 528 4086 plenu
547 4007 690 4066 suscitatio
707 4005 776 4064 tuit:
796 4002 863 4082 quia
883 4019 972 4080 quum
990 4001 1069 4079 prius
1088 3998 1213 4060 exinani·

81 4093 133 4146 tus
154 4093 229 4148 esset
247 4085 339 4146 torma
358 4088 431 4146 servi
451 4105 516 4146 acce
536 4092 566 4146 ta
585 4083 710 4162 (Prile,
729 4084 781 4162 7.),
799 4081 978 4152 ῐυιιολνίοῑον
997 4079 1096 4140 mortis
1116 4083 1145 4140 et
1164 4072 1215 4136 ‹10-

81 4165 182 4226 minus
201 4168 279 4227 vitas
298 4160 420 4238 emersit,
438 4172 471 4224 ut
511 4165 517 4182 '
539 4165 614 4226 ilud
633 4164 805 4230 maieststem
813 4157 869 4219 Dei
880 4157 951 4218 Filro
970 4157 1133 4242 etquidem
1153 4157 1222 4227 uui,

80 4247 183 4326 genito
203 4245 316 4328 diguam
333 4244 374 4306 illi
393 4243 511 4306 merset.
1008 4310 1013 4318 .

167 4325 216 4388 34.
235 4329 308 4388 Nou
325 4346 509 4387 amarorum
523 4325 656 4406 pustino.
682 4317 811 4384 Alterum
830 4337 906 4379 nunc
924 4315 1082 4390 membrum
1102 4315 1213 4394 attexit,

80 4401 236 4466 Christum
259 4405 346 4466 semel
370 4405 524 4466 excitatum
547 4400 702 4466 amortuis
728 4407 761 4462 ut
784 4404 931 4540 aeterppm
956 4397 1049 4472 vivat,
1077 4391 1213 4477 vomeri.

108 4500 220 4544 calvinus
236 4501 259 4544 ts
273 4504 328 4545 lor.
341 4503 401 4544 Μ.
414 4503 476 4546 aas.
489 4500 529 4546 lt·
