2716 4856
374 209 377 222 '
489 213 618 278 CAPUT
636 213 722 276 XlX.
924 267 927 278 ,
1108 219 1168 282 379

50 337 167 395 suasisse
190 332 226 392 du
248 353 263 392 r
319 329 422 391 oDei.
461 327 573 390 Scimus
592 337 687 392 antam
705 329 762 390 boc
780 332 896 391 nomine
913 347 998 412 saepe
1015 334 1110 393 notari
1128 335 1170 394 iu·

51 416 247 476 staurationem
266 413 345 470 ilaus
364 427 438 492 quaa
456 411 596 490 promisca
614 417 676 470 erat
694 408 833 484 Patribus,
852 418 881 471 et
900 412 1067 492 praestanda
1087 412 1169 472 Chri·

51 497 86 554 ati
113 493 243 552 adventu.
280 489 362 550 Nam
386 507 475 570 quum
498 495 580 550 extra
599 489 745 550 Christum
768 490 960 550 deformis-et
988 491 1105 553 conmsa
1133 493 1171 552 sit

51 574 173 632 omnium
194 569 350 651 dissipatio,
368 589 428 630 non
447 568 551 628 iruatm
570 569 626 630 boc
643 568 903 664 venturonidsssiao
921 569 1082 630 tribuerunt
1097 569 1170 654 ¹Pro·

49 652 159 802 pp,
173 645 1042 809 lilt'ttttl?obtinuissetis
1051 669 1171 789 Ἥ
1192 755 1195 762 -

49 811 116 870 facit
133 749 217 882 llllos,
235 810 359 886 primum
378 809 499 888 gratuita
517 809 882 888 peecatornmrcmisaione
900 815 1020 883 constat,
1040 824 1097 888 qua
1115 829 1170 868 nus

49 889 101 948 sibi
119 889 282 949 reconciliat
300 885 380 982 Deua
404 886 571 982 etadoptat
593 887 624 946 in
646 907 686 968 po
701 887 799 978 ¹ulum:
829 887 930 948 deinde
953 890 1028 948 vitae
1052 906 1170 949 renova·

48 971 134 1041 bone,
154 987 210 1048 qua
229 987 282 1028 nos
301 967 336 1026 ad
355 985 411 1025 nna
440 985 605 1026 nemausus
625 985 660 1027 co
692 973 792 1028 armat
816 965 985 1047 Disputasse
1003 975 1033 1027 et
1051 971 1171 1028 suasisse

50 1047 132 1122 dicit,
151 1047 323 1128 significans,
346 1047 386 1106 ita
431 1046 527 1106 omnm
546 1047 722 1120 disseruisse,
741 1053 775 1106 nt
794 1047 925 1126 probaret
944 1047 1040 1107 subdis
1059 1049 1172 1107 rationi·

52 1126 105 1184 bna
125 1147 198 1206 quae
219 1127 247 1186 in
268 1126 390 1186 medium
410 1125 555 1185 afferebat:
585 1125 686 1186 deinde
709 1127 884 1186 auditoribus
908 1127 1018 1207 piainm
1041 1126 1171 1187 euhcrta·
1297 1131 1303 1142 '

50 1207 159 1266 bonnm
178 1205 307 1266 stimulos
325 1204 476 1276 addidisse,
504 1211 537 1264 ut
559 1206 673 1264 ianuam
695 1223 784 1284 reguo
802 1203 859 1266 Dei
883 1207 1032 1287 aperirem.
1071 1203 1172 1264 Nullae

48 1286 125 1423 pippino
144 1287 270 1366 argutiae
287 1304 340 1345 noa
360 1282 424 1344 Deo
443 1285 599 1366 morigeros
618 1283 750 1360 reddent,
778 1286 833 1344 nisi
856 1285 910 1367 piis
934 1283 1173 1346 admonitionibus

113 1383 287 1514 apinam
303 1447 522 1506 indifferenter.
561 1442 710 1526 Nusquam
728 1452 789 1506 tam
807 1444 917 1526 placide
936 1452 966 1506 et
984 1447 1082 1526 aequis
1100 1445 1173 1505 auri·

47 1522 99 1582 bus
122 1524 253 1584 anditum
277 1523 364 1584 inisse
383 1521 504 1583 Paulum
527 1523 646 1603 legimus
670 1523 830 1604 apludaeis,
859 1528 933 1585 sicut
949 1523 1056 1606 Ephesi
1080 1527 1174 1620 priore

48 1621 100 1662 ano
120 1605 262 1664 adventu:
291 1623 359 1663 nam
378 1623 467 1683 quum
486 1603 534 1662 alii
552 1604 727 1664 tumultuose
746 1623 813 1664 eum
832 1603 990 1684 abigerent,
1009 1604 1045 1665 ab
1064 1604 1108 1664 bn
1127 1623 1174 1662 ro·

66 1689 128 1742 atus
147 1684 204 1744 snit
223 1683 379 1744 uldintiua
397 1689 530 1743 maneret
562 1680 644 1744 Nunc
657 1690 810 1762 postquam
824 1683 859 1741 ad
870 1681 925 1742 trea'
935 1703 1047 1744 menses
1055 1703 1175 1764 reguum

47 1701 103 1820 ltei
121 1763 200 1844 apnd
219 1778 268 1824 eos
288 1765 393 1840 erigere
412 1769 531 1822 conatus
550 1768 608 1836 est,
636 1761 733 1842 prodit
756 1780 787 1820 se
810 1762 966 1822 multorum
990 1765 1119 1842 impietas
1144 1769 1176 1822 et

47 1845 233 1903 coutumacia.
274 1841 450 1938 Dicitsnim
470 1839 561 1900 Lucus
585 1840 671 1900 brine
694 1841 852 1935 induratos:
882 1845 912 1900 et
936 1847 1013 1901 certa
1037 1842 1108 1901 baec
1131 1843 1176 1900 ris

47 1917 1175 2082 demittit‚bittit'gitl‘t‘tttfitting!

48 2079 126 2155 dens,
146 2088 181 2142 nt
199 2081 365 2160 loquuntur,
385 2081 452 2162 qnia
471 2080 540 2138 dum
558 2085 694 2158 urgentur
712 2095 730 2136 a
748 2079 877 2152 veritate,
896 2077 1017 2158 erumpit
1033 2077 1176 2137 ocerdtum

48 2161 135 2220 virus.
175 2160 263 2221 Addit
281 2158 389 2233 Lucas,
413 2179 463 2218 eos
482 2158 660 2218 maledixisse
678 2158 742 2216 viae
762 2177 858 2218 coram
877 2157 998 2238 populo:
1028 2176 1095 2218 uam
1119 2157 1176 2216 buc

48 2239 164 2320 landem
189 2260 220 2300 se
239 2241 390 2334 proiiciunt
407 2237 553 2318 Evangelii
577 2244 802 2318 contemptores,
831 2244 864 2296 ut
932 2233 1095 2302 aduolant
1118 2255 1177 2310 am,-

48 2319 135 2397 plecti
155 2319 294 2378 hostibter
313 2318 390 2398 apud
409 2317 480 2377 abos
499 2323 679 2398 oppugnent,
708 2335 802 2395 nequa
824 2316 854 2376 id
878 2257 935 2376 αἳ)
960 2316 1092 2388 consilio,
1120 2317 1176 2377 nisi

49 2398 128 2475 quod
148 2399 282 2476 cupiunt,
311 2399 336 2456 si
359 2396 421 2457 fieri
444 2397 549 2476 poerit,
578 2415 676 2456 omnes
695 2395 798 2456 habere
817 2396 943 2456 eiusdem
962 2395 1176 2475 impietatisso·

49 2479 119 2534 cios.
166 2481 239 2537 Viae
267 2476 381 2536 nomine
410 2475 556 2555 quodlibet
583 2475 743 2536 institutum
766 2475 884 2556 intelligi
907 2477 977 2535 salis
998 2481 1100 2538 notum
1119 2481 1175 2536 est:

48 2553 97 2612 hic
117 2561 212 2614 antem
232 2555 269 2614 ad
287 2553 471 2638 Evangelium
491 2553 596 2614 Christi
616 2553 744 2614 relemm
783 2553 843 2614 Iam
863 2555 931 2614 dicit
949 2553 1041 2616 Lucas
1055 2553 1195 2614 Paulum·

49 2633 86 2690 ab
106 2634 162 2694 illia
182 2635 346 2716 digressum,
366 2655 379 2694 s
415 2654 526 2715 regasse
545 2633 710 2716 discipulos:
730 2653 789 2716 quo
804 2634 936 2716 exemplo
951 2641 1109 2709 monemur,
1129 2633 1179 2694 ubi

50 2712 212 2850 deploratae
231 2721 259 2774 et
278 2713 439 2774 insanabile
458 2711 631 2796 pervicaciae
650 2713 769 2774 iacimus
789 2715 958 2794 pericnlum,
977 2735 1035 2774 non
1056 2714 1178 2796 amplius

49 2792 81 2851 lu
101 2793 203 2853 endam
229 2813 290 2854 esse
315 2805 440 2875 operam.
480 2793 546 2854 ldeo
566 2794 699 2854 admonet
718 2792 824 2854 Paulus
848 2795 909 2875 ipse
928 2793 1025 2868 Titum
1044 2794 1086 2872 (3,
1107 2793 1179 2870 su),
1292 2847 1296 2852 .

50 2878 85 2930 ut
103 2873 275 2934 haereticum
295 2873 439 2936 bominem
458 2881 524 2954 post
544 2894 629 2934 nnarn
648 2875 696 2934 vel
719 2875 838 2934 alteram
862 2874 1083 2936 admonitionem
1101 2873 1179 2934 davi·
1265 2917 1273 2939 2

49 2958 105 3010 tet:
125 2973 191 3013 nam
211 2945 324 3048 indigna
343 2955 516 3050 contumelia
534 2953 657 3014 afficitur
675 2953 795 3047 verbum
815 2952 880 3048 Dei,
900 2955 924 3013 si
944 2955 1038 3034 porcis
1057 2960 1086 3014 et
1104 2955 1179 3012 oani-

49 3029 454 3172 llttltitlnttd
473 3031 1180 3190 tttlt⁰zltttitztbttstnltt

51 3196 105 3248 tas.
147 3189 226 3250 Diaei
247 3189 311 3248 ulos
330 3209 398 3271 ergo
418 3208 448 3248 se
499 3192 576 3269 gavit
594 3187 716 3264 Paulus,
735 3207 772 3248 ne
792 3208 845 3248 sno
864 3189 973 3250 ioetora
992 3189 1064 3250 birci
1083 3196 1181 3250 ovium

53 3271 200 3409 {regeppk'
243 3275 351 3328 nerent:
381 3209 498 3344 deinddt
522 3276 553 3330 ut
576 3269 698 3348 ingenua
716 3267 855 3350 professio
875 3269 983 3352 vigeret
1001 3271 1075 3330 inter
1093 3289 1181 3348 puros

85 3369 147 3410 erc
191 3367 263 3408 ores.
1111 3381 1116 3386 ·

136 3430 273 3504 Quotidie
290 3429 453 3508 disparium.
493 3425 626 3488 Ostendit
653 3425 700 3486 bic
727 3427 821 3502 locus,
850 3447 937 3508 qnam
961 3429 1072 3489 assidua
1098 3427 1182 3488 inerit

55 3507 139 3568 Pauli
158 3508 291 3570 sedulitas
310 3509 339 3566 in
360 3506 496 3582 docendo,
516 3515 545 3568 et
563 3507 648 3568 nimis
667 3526 729 3566 essa
748 3527 877 3568 morosos
897 3509 943 3568 vel
958 3509 1100 3579 delicatos,
1120 3510 1182 3587 qni·

54 3586 108 3648 bus
129 3589 224 3648 statim
243 3587 368 3648 discendi
386 3587 509 3648 taedium
529 3586 647 3668 obrepit.
685 3585 822 3648 Videmus
842 3589 917 3648 enim
936 3608 1023 3668 quam
1041 3589 1126 3669 pauci
1146 3588 1182 3649 ad
1279 3664 1281 3675 Ι

56 3667 227 3728 audiendum
246 3667 371 3748 prompti
411 3667 536 3748 aratique
556 3665 683 3748 quotidie
702 3667 845 3728 accedant.
875 3667 936 3728 Etsi
950 3675 1044 3728 autem
1080 3668 1183 3726 eculia-

55 3765 118 3808 rem
137 3747 252 3828 gerebat
270 3749 362 3828 gregis
381 3687 528 3807 domestici
547 3765 653 3820 curam,
673 3766 760 3826 quem
779 3748 857 3808 velot
876 3749 906 3807 in
926 3748 1001 3808 ovila
1020 3688 1079 3807 coll

56 3847 116 3886 non
125 3833 218 3885 tamen
228 3845 315 3906 opera
325 3845 376 3886 sua
385 3829 479 3908 privat
487 3833 646 3901 extrannn,
665 3826 713 3885 sed
723 3845 837 3887 cursum
848 3827 1007 3907 disputandi
1016 3828 1184 3887 continuone

57 3905 215 3984 periculum
234 3906 311 3978 facit,
330 3927 399 3966 num
419 3927 492 3986 qnos
511 3907 635 3987 reperiat
654 3905 768 3966 dociles.
799 3906 934 3968 Subolem
942 3905 1070 3988 Tyranni
1089 3913 1183 3977 vocat,

58 4003 118 4043 non
131 3985 188 4062 ·qoi
207 3991 276 4044 tunc
293 3988 400 4064 potitus
419 3987 503 4046 inerit
521 3987 655 4066 imperio:
674 4004 740 4045 nam
760 3983 881 4046 Romani
899 3988 929 4046 iu
948 3993 1009 4048 tota
1018 3985 1183 4046 Asiadomi-

59 4065 209 4136 nnbantnr,
229 4064 278 4122 sed
298 4065 429 4126 credibile
448 4072 500 4138 est,
520 4067 699 4144 gymnasium
708 4065 795 4126 fnisse
805 4066 872 4126 olim
882 4072 1057 4126 exstructum
1067 4069 1185 4146 sumpti-

60 4143 115 4204 bna
135 4141 261 4222 Tyranni
286 4153 315 4204 et
338 4145 402 4206 urbi
426 4145 570 4204 donatum.
609 4144 688 4206 Loco
707 4145 792 4224 igitur
810 4145 939 4226 publico,
963 4147 1014 4226 qui
1032 4145 1185 4206 conditoris

61 4243 165 4284 nomen
185 4219 315 4295 babebat,
335 4225 379 4284 nsi
398 4231 465 4342 spot
481 4223 578 4328 lidelas
598 4225 634 4284 ad
653 4231 810 4320 conseptus
829 4245 896 4285 snos
915 4226 1047 4322 agendos.
1088 4277 1093 4287 ,
1148 4305 1155 4320 .

63 4305 619 4462 dn
638 4325 1187 4468 ,m

1077 3755 1182 3826 egerat,
1310 3765 1317 3776 ·
