2742 4856
232 233 251 278 '
341 266 344 278 ¹
464 243 474 296 -’
515 243 669 334 ,curun
688 257 769 322 xru
1145 261 1204 336 275

90 373 211 455 surgendi
240 373 367 434 celeritas
390 374 479 454 magis
504 373 685 458 conspicuam
709 376 861 445 reddiderit
884 375 940 441 Dei
964 382 1114 456 virtutem,
1144 405 1203 466 quo

89 457 173 594 ppppp
191 455 319 598 bbllllb.
337 451 445 516 Pnulns
468 471 567 517 vooem
590 458 707 535 extulit,
735 477 796 539 quo
818 458 921 566 melius
944 460 1058 522 turbam
1076 462 1213 597 attineret

168 690 218 756 li„
246 688 346 756 Porro
375 689 483 758 turbae
510 715 609 783 quum
636 692 802 778 vidissent,
824 695 909 786 quod
938 693 1052 765 fecerat
1073 697 1200 784 Paulus,

85 795 279 864 sustulerunt
305 819 423 882 ‚vocem
456 820 562 879 sunm,
594 797 774 889 Lycaoniee
806 799 960 886 dieentes,
997 797 1051 869 Dii
1085 805 1203 874 similes

82 902 151 969 iacti
177 901 370 968 bominibus
385 902 612 971 descenderunt
633 905 672 970 ed
694 927 763 972 nos.
809 905 861 974 12.
885 905 1109 1000 Vocabantque
1130 911 1203 980 Bar·
1231 977 1234 988 ,

82 1007 206 1090 nobam,
238 1006 361 1076 lovem:
393 1007 504 1080 Palum
525 1031 620 1092 vero,
640 1008 857 1106 Mercurium,
876 1033 915 1080 eo
939 1014 1033 1108 quod
1045 1013 1117 1106 ipse
1136 1015 1203 1086 dux
1290 1007 1301 1028 ⁸

83 1121 163 1180 esset
188 1113 350 1185 sennonis.
404 1113 455 1182 13.
485 1113 639 1182 Sacerdos
666 1138 743 1182 vero
770 1113 868 1200 lovis,
896 1118 951 1208 qui
973 1119 1040 1188 erat
1060 1123 1132 1190 aute
1154 1147 1203 1190 ur·

82 1218 151 1286 bern
172 1219 326 1310 ipsorum,
357 1231 463 1288 tauros
485 1231 518 1288 et
538 1242 670 1288 coronas
702 1221 743 1289 ad
769 1231 877 1312 portas
905 1223 1051 1308 afferens,
1076 1228 1203 1298 volebat

38 1359 40 1364 ·
80 1347 149 1392 curn
170 1325 269 1394 turbis
290 1326 469 1394 sacrificare.

154 1472 201 1532 11.
242 1473 344 1532 Porro
363 1471 473 1531 tautae.
495 1483 499 1486 ·
519 1467 599 1532 Haeo
622 1469 737 1533 historia
763 1467 890 1556 locuples
907 1479 952 1534 est
969 1463 1065 1550 testis,
1095 1477 1201 1557 quauta

74 1549 111 1608 sit
134 1547 285 1611 hominum
308 1551 344 1610 ad
368 1553 522 1612 vanitatem
547 1554 711 1632 propensios
736 1571 795 1612 non
847 1553 982 1614 retulerat
1009 1574 1049 1614 ex
1078 1554 1201 1638 abrupto

72 1647 174 1690 rocem
197 1629 278 1690 illam
297 1629 419 1702 Paulus,
449 1629 555 1712 Surge,
584 1633 634 1692 sed
660 1632 790 1691 concioni
835 1652 851 1692 o
875 1632 989 1693 Christo
1012 1633 1125 1696 habitae
1149 1655 1227 1698 ven.

72 1707 115 1768 lut
142 1709 302 1770 clausulam
330 1709 488 1770 addiderat:
515 1711 642 1806 populus
670 1716 767 1776 tnnreu
791 1711 850 1769 suis
873 1711 957 1772 idolis
982 1712 1096 1774 laudem
1115 1718 1199 1778 mira·
1242 1751 1246 1762 ·
1365 1699 1366 1708 ἵ

71 1787 131 1848 culi
152 1790 284 1865 ascribit,
312 1792 369 1850 nesi
393 1790 429 1848 de
453 1788 569 1850 Cbmsto
594 1787 712 1848 verbum
738 1809 796 1848 non
821 1789 951 1854 audisset
991 1789 1057 1854 Nun
1075 1800 1120 1854 est
1139 1798 1200 1876 quti-

70 1869 135 1928 dem
166 1871 240 1930 adeo
269 1871 387 1946 mirum,
417 1867 551 1929 barbaros
581 1867 710 1928 homines
739 1867 776 1926 ad
799 1870 1041 1948 superstitionem,
1071 1891 1158 1952 quam
1183 1892 1201 1933 a

91 1951 166 2008 ueris
197 1949 380 2023 imbiberant,
409 1947 503 2008 subito
539 1947 667 2008 miraculi
700 1953 855 2027 conspeetu
885 1947 1015 2028 delapsos
1044 1968 1121 2024 esse,
1150 1952 1202 2011 sed

66 1967 124 2089 boe
154 2031 260 2090 vitium
308 2031 393 2089 assim
422 2027 506 2086 nimis
534 2027 669 2086 usitatum
698 2033 743 2086 est
771 2026 899 2106 adeoque
927 2025 1009 2086 nobis
1032 2028 1202 2109 ingenitum,

65 2115 101 2168 ut
130 2129 255 2190 operum
278 2049 335 2168 Ilei
364 2107 491 2189 perversi
518 2107 686 2187 interpreter
715 2107 814 2166 simus.
856 2104 931 2166 Hine
958 2113 1018 2166 tam
1047 2127 1141 2172 crassa
1169 2110 1201 2170 in

61 2185 181 2269 Papatu
207 2189 440 2270 superstitionum
465 2185 575 2260 deliria,
604 2185 683 2265 quod
706 2184 825 2266 arreptis
847 2191 954 2246 temere
973 2173 1114 2247 miraculis
1134 2188 1200 2250 doe

61 2271 159 2329 trinae
190 2287 250 2336 non
280 2267 453 2327 auscultant:
483 2284 543 2344 quo
567 2284 620 2324 nus
643 2265 732 2342 magis
757 2271 786 2322 et
809 2269 932 2324 attentos
957 2283 1019 2326 esse
1037 2271 1067 2326 et
1085 2263 1197 2328 sobrios

61 2349 165 2421 decet,
192 2366 230 2407 ne
249 2346 305 2406 Dei
324 2348 469 2416 virtutem,
488 2358 562 2424 qums
581 2345 613 2402 iu
631 2345 750 2402 salntem
770 2341 851 2402 uobis
871 2343 1002 2422 effulget,
1030 2359 1115 2406 seusu
1134 2361 1214 2408 stu*-⁴

58 2430 106 2489 nis
127 2445 333 2507 eorrumpere,
357 2424 435 2505 quod
458 2431 519 2484 tam
538 2424 663 2504 proolive
681 2429 734 2495 est,
753 2421 838 2484 uobis
856 2424 1009 2503 continget.
1049 2423 1110 2486 Nee
1128 2445 1200 2487 vero
1329 2435 1332 2442 ’

57 2509 175 2568 mirum
196 2512 254 2579 est,
278 2507 302 2566 si
325 2523 421 2588 pauca
441 2509 552 2564 tautum
577 2507 606 2561 et
630 2501 665 2560 ad
684 2501 770 2562 breve
788 2509 901 2584 tempus
920 2504 1054 2566 miracula
1073 2505 1119 2566 edi
1138 2504 1200 2566 Do·

53 2587 162 2648 miuus
183 2585 323 2658 voluerit,
351 2603 387 2644 ne
410 2583 558 2644 bominum
582 2581 696 2641 libidine
719 2579 898 2642 traherentur
923 2584 953 2644 iu
976 2582 1062 2644 finem
1103 2605 1200 2648 uorsus

55 2666 261 2726 eontrariumr
286 2665 353 2746 quia
375 2665 491 2736 minime
514 2681 637 2742 aequum
662 2667 706 2720 est
731 2669 764 2721 ut
781 2683 887 2722 uoumn
906 2683 990 2723 suum
1009 2607 1107 2724 munli
1127 2666 1199 2726 budi-

54 2747 124 2808 brio
145 2745 289 2819 subiiciat,
310 2745 388 2826 quod
406 2743 466 2804 lieri
486 2761 600 2804 neeesse
620 2747 673 2815 est,
692 2740 740 2800 ubi
753 2742 842 2821 ¹quod
861 2744 1008 2824 proprium
1027 2746 1088 2806 eius
1107 2746 1197 2806 estad
1239 2763 1244 2771 ·

51 2825 138 2888 idola
160 2825 342 2899 transfertur,
361 2831 411 2884 aut
428 2822 566 2882 increduli
584 2819 622 2880 ad
640 2819 786 2902 iungendos
806 2823 922 2882 vitiosos
933 2823 1026 2884 nultus
1042 2826 1101 2885 eius
1112 2845 1200 2908 opera

52 2907 239 2990 depravant,
267 2905 334 2968 dum
363 2903 526 2986 posthabito
554 2899 643 2961 uerbo
674 2919 779 2960 numen
804 2901 950 2981 quodlibet
972 2899 1112 2985 arripiu'u't
1131 2925 1148 2967 e
1168 2925 1200 2966 se

49 2987 233 3048 confictum.
607 3009 611 3017 ’

139 3071 204 3129 Dii
228 3067 334 3126 similes
357 3064 527 3123 tonitribus.
573 3057 678 3138 Opinio
699 3064 760 3118 erat
786 3067 967 3140 praesumpta
990 3081 1028 3121 ex
1052 3063 1198 3123 veteribus

49 3149 176 3221 sabulis,
199 3163 275 3228 quae
292 3151 390 3203 tamen
409 3143 488 3222 ipsae
513 3141 650 3220 originem
670 3157 687 3196 a
706 3138 825 3198 veritate
843 3138 991 3198 duxerant.
1030 3137 1120 3221 Nugis
1138 3141 1200 3200 istis

49 3231 157 3290 referti
180 3232 253 3290 sunt
270 3222 425 3284 Poetar'um
444 3221 521 3292 libri,
545 3222 614 3278 deos
639 3235 724 3298 saepe
747 3217 905 3277 visosesse
924 3219 953 3278 in
972 3221 1055 3278 terris
1075 3221 1127 3280 sub
1147 3219 1198 3280 ho-

48 3314 174 3371 miuum
201 3307 308 3368 forme:
333 3301 411 3382 quod
434 3307 529 3359 umen
553 3295 686 3356 credibile
711 3301 754 3355 est
784 3315 843 3356 nou
863 3297 949 3357 luime
968 3298 1004 3358 de
1023 3298 1111 3360 nihilo
1132 3311 1198 3359 eon·

45 3378 158 3456 fictum
204 3385 257 3448 sed
297 3383 371 3444 ortos
390 3380 520 3441 homines
538 3375 688 3460 profanos,
711 3375 789 3456 quod
809 3377 877 3436 olim
897 3377 933 3437 de
952 3379 1057 3458 angelis
1077 3380 1198 3440 tradide-

45 3479 122 3533 runt
144 3432 245 3530 salusti
263 3405 373 3536 ilaue,
391 3460 427 3520 ad
446 3458 556 3519 fabulas
573 3455 758 3515 transtulisse.
797 3453 836 3514 Et
854 3455 916 3516 lieri
935 3464 1030 3538 potest
1047 3464 1081 3518 ut
1100 3458 1198 3531 Satan,
1218 3493 1225 3502 ·

91 3571 150 3611 um
174 3547 310 3610 homines
329 3541 447 3602 baberet
466 3538 550 3600 obstu
571 3537 687 3608 eleetos,
707 3535 792 3594 variis
811 3537 914 3616 praesti
935 3539 967 3595 'is
987 3537 1113 3598 illuserit.
1134 3538 1199 3599 Hoc

44 3574 181 3714 adem
205 3633 314 3688 eertum
330 3629 381 3697 est,
401 3617 536 3702 quioquid
547 3557 602 3677 bei
621 3621 690 3686 erat,
708 3614 757 3674 ubi
777 3615 814 3674 ad
833 3558 959 3675 tonnells
975 3619 1093 3690 transiit,
1112 3618 1199 3678 fuisse

40 3714 156 3796 pravis
185 3727 289 3770 eorum
312 3701 454 3784 figmentis
470 3699 612 3758 uitiatum
651 3691 729 3754 ldem
748 3701 777 3756 et
796 3694 833 3755 de
851 3695 993 3756 sacrifieiis
1012 3699 1199 3770 sentiendum,

40 3799 75 3855 in
105 3791 227 3873 quibus
252 3787 286 3846 ab
305 3785 386 3846 initio
405 3781 487 3842 Deus
505 3777 603 3838 fideles
621 3793 689 3834 suos
707 3777 848 3848 exeruerit,
872 3782 905 3835 ut
928 3773 1064 3837 haberent
1082 3784 1200 3836 euterun

40 3874 176 4014 unu
195 3863 469 4008 „susan
664 3853 1199 4014 {ostunensem

37 3967 194 4096 allani?
230 4025 378 4106 Lycaones
405 3983 549 4083 insolitam
577 4017 711 4076 virtutem
735 4021 881 4074 cernentes
901 4015 931 4074 iu
959 4022 1059 4074 saneto
1085 4013 1197 4088 claudo,

37 4103 197 4177 divinum
218 4125 279 4167 esse
299 4123 371 4185 opus
391 4107 530 4162 statuunt:
561 4100 637 4156 reete
656 4096 807 4158 hramnus,
835 4113 985 4175 perperam
1004 4107 1088 4168 vero,
1118 4095 1197 4174 quod

37 4217 84 4256 ex
115 4195 270 4252 consueto
294 4199 390 4245 errore
412 4183 444 4240 iu
461 4173 756 4248 Paulo·et›Barnabn
781 4175 867 4232 falsos
888 4173 941 4232 sibi
962 4175 1031 4270 depe
1048 4173 1197 4234 lubricant.

34 4273 366 4417 ,aessens
379 4251 1198 4420 entnsssssnnnnnnnn
1239 4378 1242 4388 ,

35 4421 157 4500 mne}
182 4425 372 4506 -seqoouturt
411 4417 480 4502 Quo
509 4415 643 4500 exemplo
666 4430 830 4490 monemur,
863 4419 1001 4559 pprptom
1023 4411 1136 4486 malum
1150 4411 1197 4486 rit,
1346 4427 1348 4436 ·
