2818 4848
59 479 63 497 ’
121 499 124 510 “
184 483 347 563 migrfflfli,
374 484 460 557 alque
484 479 544 538 illio
568 497 673 559 poenae
700 479 855 561 penderent
881 479 1007 560 priorum
1033 477 1182 540 acelerum.

183 207 242 275 192
380 150 438 286 ,Ι
502 253 505 264 .
572 201 613 266 ΙΝ
631 199 923 268 avelleretur.

182 339 247 384 rum
265 338 383 383 snorum
401 322 469 380 nuta
486 317 643 400 prodiisset.
671 317 745 382 Nam
763 320 868 402 passim
881 315 1035 378 scribantur
1047 317 1150 380 animia
1163 318 1303 384 insidebat

183 401 254 464 haec
272 399 429 483 persuasio,
447 399 537 479 'quod
559 401 668 460 ammae
690 419 747 460 nna
770 401 827 459 vita
853 398 1001 459 defunctae
1022 399 1052 459 iu
1074 419 1153 459 nova
1178 419 1306 540 eurpndrg

1247 503 1267 540 il

184 562 358 624 constituunt
374 557 423 616 isti
440 575 515 635 enm,
534 559 585 638 qni
603 575 704 618 coeeua
723 565 806 618 uatus
825 563 877 632 est,
896 557 953 616 iam
971 563 1039 617 tune
1057 560 1180 638 peccatis
1192 557 1304 621 delibu-

183 649 246 702 tum
263 637 349 697 frrisse
368 653 402 696 ac
420 635 573 698 foedatum
601 635 680 698 Haec
697 643 877 719 praepostera
896 655 1015 696 renatae
1034 637 1113 698 nobo
1128 639 1304 700 documento

183 737 244 782 esre
263 715 360 789 debet,
378 714 475 776 sedulo
495 716 651 776 cavendum
669 735 744 790 esse,
767 735 804 776 ne
823 734 934 796 semper
952 715 1009 776 Dei
1027 716 1143 796 ilagellia
1162 721 1305 798 onusque

269 801 299 855 ta
316 796 474 856 metiamur.
501 794 595 856 Habet
613 795 697 871 euim,
717 803 749 855 ut
767 797 845 876 priua
864 798 955 854 vuum
975 802 1028 870 est,
1047 793 1188 856 Donamus
1206 801 1303 857 varios

240 893 334 950 e,cur
352 893 498 934 aerumnas
516 874 675 935 homiuibus
694 877 810 957 iuiligat.
848 873 1051 956 Praeterquam
1070 895 1139 936 vero
1159 877 1237 956 quod
1255 877 1305 936 isti

183 953 350 1038 hypocritae
378 954 480 1014 misere
508 953 616 1015 homini
638 955 791 1026 insultant,
820 955 907 1015 simul
935 955 1140 1016 contumeliose
1166 961 1306 1036 respuunt

184 1033 339 1118 quamlibet
356 1040 467 1094 aauctas
486 1041 516 1094 et
534 1035 637 1114 probae
656 1036 718 1095 eins
740 1035 959 1095 admonitiones:
988 1041 1021 1094 ut
1043 1033 1102 1095 dcc
1124 1033 1190 1115 plus
1218 1053 1306 1114 quam

45 1176 51 1190 ,
184 1133 334 1177 commune
356 1121 413 1188 est,
442 1131 479 1188 ue
503 1115 567 1194 quis
590 1113 625 1173 ab
649 1132 684 1173 eo
706 1132 739 1180 oe
757 1115 852 1174 doceri
871 1114 1007 1174 sustineat
1027 1133 1116 1194 quem
1135 1116 1302 1174 contemnit.

184 1194 275 1257 Porro
295 1213 384 1274 quum
403 1211 516 1289 semper
540 1193 694 1254 andiendus
715 1194 752 1253 eit
775 1191 871 1267 Deus,
902 1211 954 1273 per
978 1211 1164 1272 quoscunque
1189 1193 1304 1254 taudem

183 1275 265 1338 uobis
283 1273 431 1353 loquatur,
449 1273 589 1334 discamus
607 1274 748 1334 neminem
768 1279 956 1345 contenmerr,
976 1269 1099 1332 utDeuo
1117 1291 1169 1332 uua
1189 1292 1250 1332 sem

184 1353 290 1416 dociles
310 1347 522 1412 remanemus
541 1353 674 1434 reperiat,
698 1353 806 1412 etiamsi
830 1352 1070 1432 contemptissimo
1093 1357 1123 1410 et
1140 1349 1221 1410 nihili
1245 1291 1304 1410 Εἴ

183 1435 260 1497 mine
277 1431 315 1492 ad
331 1452 385 1492 nos
404 1432 563 1492 docendum
582 1439 685 1493 utatur.
709 1430 794 1493 Nulla
812 1433 889 1493 euim
907 1437 952 1492 est
960 1431 1079 1492 deterior
1096 1432 1191 1510 pestis,
1211 1448 1300 1509 quam

185 1532 273 1595 quum
291 1531 375 1571 aures
393 1511 482 1572 iaetus
500 1511 581 1572 uobis
601 1511 731 1586 obsedi,
749 1532 786 1572 ne
804 1511 1115 1590 audircdignemurqui
1129 1511 1235 1570 utiliter
1243 1528 1299 1568 noe
1397 1585 1398 1596 ἵ

184 1597 309 1654 monent.
348 1589 386 1650 Et
394 1590 474 1653 Deus
494 1610 578 1674 saepe
596 1592 726 1652 consulto
745 1592 816 1652 viles
835 1597 865 1651 et
883 1591 1009 1652 abiectos
1027 1589 1104 1670 eligit
1122 1587 1158 1650 ad
1176 1609 1230 1660 uus
1249 1588 1300 1648 do-

184 1775 252 1816 eruo
262 1753 363 1836 foros.
403 1749 576 1890 ΟἪαω
593 1751 656 1811 tieri
674 1758 769 1846 potest
787 1757 820 1811 ut
838 1751 947 1831 impetu
965 1749 1041 1810 iacto
1060 1769 1127 1808 eum
1140 1754 1301 1812 earnium·

185 1833 266 1914 plum
285 1829 429 1905 eiecerint,
484 1832 490 1847 '
513 1831 520 1846 ‘
541 1837 635 1890 tamen
654 1831 767 1890 videtur
790 1831 862 1890 aliua
885 1847 946 1890 ease
969 1827 1168 1908 Evangeliatae
1192 1845 1300 1900 sensae

226 1911 264 1971 od
282 1917 348 1970 enm
362 1911 682 1984 excommunicaverint,
711 1917 797 1990 atque
819 1911 858 1970 ita
883 1909 966 1969 suerit
990 1909 1089 1970 eiectio
1113 1908 1183 1968 iuris
1207 1906 1300 1986 specie

223 1997 306 2051 tecta
335 1987 374 2049 Et
392 1989 448 2052 hoc
465 1990 612 2052 contextui
630 1987 731 2051 melius
751 1989 882 2070 qrmdrat:
902 1989 969 2068 quia
988 1987 1012 2048 si
1030 2008 1083 2069 per
1102 1987 1302 2048 coutumdiam

184 2076 294 2131 tautum
313 2071 419 2147 eiectm
438 2071 545 2145 inisset,
563 2091 622 2132 nou
641 2077 701 2130 erat
719 2068 775 2130 huc
793 2070 866 2129 tanti
883 2070 1029 2142 momenti,
1048 2065 1302 2147 ntiamaadCirri·

185 2155 262 2211 stum
289 2151 457 2230 perveniret.
505 2149 590 2210 Nunc
618 2149 696 2289 guod
719 2149 848 2210 Christus
872 2148 990 2221 audivit,
1017 2145 1083 2206 inde
1101 2147 1219 2206 coniicio
1238 2163 1302 2204 rem

80 1739 82 1744 ,
185 1673 289 1734 oeudoa
307 1676 337 1731 at
355 1673 524 1746 monendos,
549 1691 607 1752 qno
632 1671 810 1732 altitudinem
832 1677 959 1732 nostram
982 1669 1100 1749 subigat.
1143 1671 1302 1729 Etseercot
1397 1679 1398 1702 ¹

226 2231 267 2291 asi
285 2230 386 2290 seriam
404 2231 514 2290 solenni
532 2233 625 2290 ritua
662 2229 718 2289 illie
737 2237 829 2289 aotam
849 2247 918 2288 eree.
944 2225 1092 2286 Caeterum
1100 2225 1157 2286 hoc
1165 2223 1300 2304 exemplo
1397 2239 1398 2242 ’

205 2329 322 2370 ocemm·
340 2327 427 2388 quam
446 2309 549 2372 frivolo
568 2311 625 2368 siut
643 2315 673 2368 et
691 2309 806 2368 minime
823 2303 947 2370 timenda
965 2305 1088 2366 hostium
1106 2303 1212 2366 Christi
1231 2321 1300 2362 ana·

184 2390 318 2450 themata.
358 2387 391 2446 Si
411 2387 446 2446 ab
466 2409 502 2449 eo
522 2395 607 2448 coetu
625 2389 764 2464 eiicimur,
782 2389 812 2448 iu
831 2407 889 2468 quo
908 2392 1007 2465 regnat
1025 2383 1164 2459 Christus,
1181 2381 1301 2444 horren·
1397 2389 1398 2440 t

186 2468 254 2528 dum
272 2465 343 2526 illud
361 2466 494 2528 iudicium
513 2469 542 2526 in
562 2485 615 2527 nos
633 2467 735 2541 fertur,
764 2468 843 2547 quod
865 2467 1010 2528 tradamur
1031 2465 1167 2536 Satanae,
1196 2481 1263 2544 qma
1283 2480 1303 2522 a
1397 2473 1398 2506 ἐ

185 2565 273 2684 reggu
296 2544 359 2683 Fffiti
371 2543 632 2683 sDeiteumlamus.
681 2547 847 2686 V⁰m.d²b
870 2566 905 2606 eu
924 2544 1082 2684 meguaid
1102 2543 1237 2684 {huseg}
1249 2561 1303 2638 per

184 2643 340 2790 dieii..
359 2645 508 2784 ..titt
514 2635 972 2767 titttrttitttttttt
985 2643 1215 2784 adiicito
1229 2642 1302 2763 nt

185 2783 332 2858 iudicium,
352 2803 410 2862 quo
429 2784 507 2864 impii
526 2786 613 2844 senis
634 2785 739 2846 Chrish'
756 2784 899 2847 insultant

214 2869 217 2874 ’
263 2864 311 2926 35.
335 2865 377 2923 Et
396 2885 483 2945 patrm
502 2871 653 2927 inverteret
670 2889 744 2926 eum.
783 2863 817 2925 Si
835 2870 961 2925 retentus
979 2863 1080 2924 luisset
1097 2865 1129 2924 in
1147 2879 1303 2943 synagoga,
1397 2919 1398 2924 ,

184 2941 342 3025 periculum
361 2949 421 3002 erat
439 2961 476 3002 ue
493 2944 630 3024 paulatim
648 2965 665 3005 a
684 2945 799 3006 Christo
818 2945 954 3010 alienatus
979 2945 1009 3004 in
1027 2945 1103 3006 idem
1123 2964 1189 3005 cum
1206 2941 1302 3021 impiis

139 3081 142 3088 .
184 3023 303 3083 exitium
321 3029 503 3102 mergeretur.
543 3020 625 3084 Nunc
644 3032 724 3086 exim
743 3025 881 3105 templum
900 3025 1012 3104 vaganti
1023 3023 1153 3084 Christro
1169 3021 1302 3094 occurrit,

184 3104 306 3162 eiectum
324 3120 341 3161 a
360 3101 551 3163 sacerdotibus
571 3106 633 3164 exui
654 3096 727 3164 it'et
751 3104 944 3185 amplectitur,
975 3103 1056 3185 erigit
1079 3109 1251 3185 prostratum
1269 3105 1303 3160 et
1349 3125 1352 3130 ·

183 3183 273 3242 vitam
292 3181 376 3241 offert
395 3181 430 3241 ad
450 3173 573 3244 mortem
592 3127 711 3244 addicto.
754 3182 819 3244 Hoc
841 3185 916 3243 idem
938 3189 970 3242 et
987 3190 1086 3244 uostm
1105 3190 1233 3264 tempore
1251 3199 1302 3239 ex-

205 3262 259 3322 erti
282 3279 389 3322 sumus.
437 3259 510 3322 Nam
534 3281 623 3343 quum
636 3263 786 3324 -Lntherus
810 3270 839 3324 et
858 3264 905 3324 alii
924 3263 1028 3324 dulles
1047 3263 1130 3324 initio
1150 3262 1303 3328 crassiores

103 3401 105 3422 Ι
183 3281 279 3422 gepae
297 3339 400 3402 abusus
418 3341 661 3422 reprehenderent,
680 3343 729 3404 vix
743 3351 857 3404 tenuem
872 3342 1085 3438 habebantpuri
1094 3339 1302 3403 Christianismi

184 3427 308 3502 gustum.
346 3419 501 3502 Postquam
520 3424 551 3482 in
569 3442 620 3486 eos
637 3423 797 3484 fulminavit
814 3421 893 3505 Papa
912 3441 945 3482 ac
963 3421 1092 3483 terniicis
1111 3421 1193 3482 bullis
1213 3415 1302 3477 alio-

183 3519 267 3560 mana
285 3521 428 3597 synagoga
447 3503 527 3563 eiecti
546 3511 620 3578 eunt,
640 3523 756 3565 manum
774 3504 829 3564 illis
848 3503 976 3585 porrexit
985 3501 1114 3562 Christus
1132 3519 1165 3560 ae
1184 3498 1301 3578 penitus

183 3581 238 3648 tilis
256 3581 386 3644 innotuit.
425 3580 467 3642 lta
487 3582 567 3645 nobis
586 3583 656 3644 nildl
674 3584 774 3646 melina
794 3603 880 3664 qurum
899 3582 934 3642 ab
944 3580 1087 3662 Evangelii
1095 3577 1223 3662 hostibus
1234 3576 1300 3636 lou·

107 3720 111 3731 ,
183 3659 295 3798 gisnime
314 3659 424 3736 abesse,
454 3669 486 3721 ut
509 3664 569 3744 ipse
587 3665 704 3744 propius
723 3663 760 3722 ad
778 3682 831 3722 noa
850 3661 971 3722 accedat.
1018 3661 1116 3722 oreta
1134 3669 1167 3720 r‘o
1185 3659 1301 3717 Filium

215 3741 259 3799 eii
295 3737 430 3801 iudaeum
449 3741 610 3822 alloquitur,
630 3743 680 3821 qui
697 3739 738 3802 Le
757 3742 780 3802 's
800 3743 926 3804 doctrina
945 3760 961 3802 a
1001 3761 1069 3802 nero
1087 3739 1213 3799 imbutus
1233 3757 1302 3818 pro-

163 3820 301 3878 missum
320 3819 406 3880 inisse
425 3840 442 3880 a
460 3819 527 3882 Deo
550 3819 733 3882 tiresiam-di
752 3823 848 3882 iuerat.
893 3763 1016 3882 Perinde
1037 3823 1123 3902 igitur
1146 3819 1225 3878 valet
1245 3819 1302 3876 iata

182 3897 364 4036 iugitergccgatio
383 3901 439 3960 acsi
457 3920 523 3960 eum
542 3898 671 3996 hortetur
690 3899 835 3997 Clusius,
855 3907 888 3962 nt
905 3901 1043 3998 Messium·
1057 3906 1193 3981 sequatur
1212 3916 1302 3977 seque

140 4037 148 4052 ·
182 3986 409 4132 ..cimilia
428 3979 849 4121 :titillatittiii
867 3989 1106 4122 illidii-'i’
1126 3997 1213 4094 Ψ
1231 3983 1302 4037 ¹⁰⁰⁰

201 4138 205 4161 ¹
260 4139 307 4198 36.
349 4141 423 4211 Quia
441 4149 498 4214 est,
524 4149 558 4200 ut
576 4141 710 4201 credam
757 4138 804 4200 Ex
832 4139 888 4200 hoo*
912 4142 991 4202 coeci
1020 4157 1160 4220 responso
1184 4142 1303 4220 apparet

181 4216 312 4294 quamvis
330 4215 366 4274 de
386 4213 500 4278 Christo
517 4217 588 4278 nihil
605 4218 699 4280 adhuc
717 4221 784 4280 uerti
802 4221 850 4280 vel
868 4221 968 4300 liquidi
987 4227 1109 4294 teneret,
1134 4223 1302 4299 promptum

181 4299 275 4354 tamen
295 4311 329 4352 ec
347 4293 581 4368 docilemiuisse.
630 4296 704 4360 Nam
727 4299 843 4378 perinde
862 4307 965 4360 sonant
983 4299 1056 4360 haee
1075 4297 1163 4359 verba
1182 4299 1241 4358 ausi
1260 4297 1301 4358 di-

182 4377 236 4448 0θῆ
254 4366 375 4434 Paratus
393 4391 457 4434 eum
475 4375 594 4438 dmulac
611 4377 681 4440 niti
693 4385 822 4442 ostensus
837 4379 931 4455 inerit,
951 4399 1018 4440 eum
1032 4378 1173 4460 amplecti.
1194 4375 1302 4440 Notan-
