2818 4848
112 273 119 288 .
581 219 708 286 CAPUT
726 219 778 286 lx.

110 341 203 405 mariti
221 338 425 400 adulatorestn
450 287 553 400 eornm
569 338 695 419 'grathm
717 337 782 400 deta
802 353 889 420 opera
907 335 1035 401 nonem
1053 227 1239 421 glamio?

8 451 9 470 1
113 441 202 483 ruere
218 420 354 480 esuriat
404 416 478 476 Mili
502 424 596 478 tamen
619 417 762 498 probabile
781 424 840 493 est,
868 417 1007 482 melotem
1023 423 1131 498 liudem
1149 419 1239 501 Phili!

117 519 250 581 suspenso
267 499 391 570 melicis,
419 503 454 556 ut
471 495 538 557 ficri
562 497 647 571 solet,
677 497 798 558 arbitros
816 515 852 558 oe
869 495 978 558 udices
995 496 1088 558 usse
1105 499 1239 574 volabro,

117 581 167 662 qni
183 577 374 660 meula
393 575 536 637 emetat
584 575 692 638 luteres
716 577 792 648 ultro
817 577 1007 636 caecutientes
1031 577 1062 640 ia
1086 577 1145 638 sole
1162 586 1239 640 terre·

116 661 179 720 bras
197 659 251 718 sibi
271 661 423 718 accusant
441 675 514 736 quae
538 655 613 716 illius
637 656 788 718 obscurent
811 655 914 716 lucem.
959 654 1039 719 Haec
1060 665 1239 738 praepostera
1290 715 1294 724 ,

114 747 159 800 est
177 739 260 818 vulgi
277 737 395 817 religio,
422 742 454 795 ut
476 735 579 816 impios
602 733 745 796 Ecclesiae
768 742 906 815 tyrannos
931 735 1042 806 divinae
1067 739 1241 803 reverentiae

135 823 271 880 raetextn
290 816 404 888 adoret,
426 812 520 874 Deum
539 833 608 876 vero
627 817 721 911 ipsam
740 822 799 882 tam
818 817 848 874 in
866 813 1026 877 verho'ruo
1045 833 1133 898 quem
1152 818 1242 899 operi·

112 839 173 958 ius
192 901 373 966 contemnat,
389 895 434 954 rel
452 895 553 954 saltem
572 912 713 976 respicere
731 914 790 955 oon
808 895 947 976 dignetur.

204 977 254 1037 14.
277 977 353 1035 Eser
368 983 464 1034 emm
482 975 638 1036 miluom
679 973 818 1036 Consulto
837 974 912 1034 diem
929 972 1037 1038 subbati
1055 973 1142 1055 elegit
1160 973 1243 1037 Chri·
1268 1020 1274 1030 .

121 1061 203 1128 stus,
223 1054 272 1134 qni
289 1053 407 1114 modali
425 1053 571 1116 materiam
590 1053 767 1136 praebiturus
792 1059 855 1116 erat
877 1051 995 1115 ludaeis.
1038 1052 1098 1116 lom
1121 1055 1244 1116 satir-iu

124 1135 282 1275 pemlytieo
299 1139 433 1214 expertus
452 1140 521 1210 erat,
540 1133 596 1195 hoo
610 1152 730 1273 lproque
749 1152 821 1214 opus
841 1132 996 1193 calumniae
1003 1130 1068 1193 'iore
1078 1131 1242 1196 obnoxium.

153 1235 189 1273 ru·
205 1233 271 1294 ergo
289 1213 484 1288 offensionem,
503 1213 580 1294 qaod
599 1215 609 1273 i
632 1216 639 1230 '
659 1213 825 1274 iaedlimum
844 1220 914 1283 erat,
933 1231 991 1272 non
1009 1221 1168 1294 praecavet,
1187 1215 1243 1275 nist

121 1292 199 1372 quod
216 1291 338 1374 malignae
356 1299 489 1374 suscepta
507 1293 543 1352 eb
562 1291 692 1354 hostibus
712 1293 835 1354 defensio
854 1291 890 1352 od
908 1291 1102 1354 illustrandum
1116 1291 1173 1354 Dei
1186 1295 1243 1356 vir·

118 1379 210 1432 tutem
227 1371 338 1432 nemra
357 1373 436 1432 eratt
455 1371 524 1432 Dies
542 1372 650 1434 sabbeti
669 1373 706 1432 ed
724 1372 788 1434 illos
807 1371 947 1432 acuendos
964 1371 1052 1448 ipstar
1061 1372 1131 1434 cotis
1139 1379 1193 1445 est,
1211 1378 1244 1434 ut

117 1453 209 1512 cerins
227 1451 264 1512 de
282 1458 344 1511 tote
363 1469 397 1510 re
415 1452 566 1530 inqru'raut.
594 1449 675 1530 Quid
694 1470 763 1512 vero
781 1450 894 1510 modom
913 1469 951 1510 ex
969 1452 1132 1530 quaestione
1143 1452 1243 1512 sedulo

116 1537 146 1593 et
164 1533 258 1590 anxie·
267 1529 366 1590 habita
387 1531 546 1610 proliciunt,
562 1531 620 1590 nisi
637 1529 715 1612 quod
734 1530 865 1590 mirandi
875 1531 977 1590 veritas
991 1530 1093 1590 clauim
1103 1531 1244 1612 refulget?

117 1609 269 1672 &merum
289 1609 347 1670 laec
364 1611 499 1690 exempto
507 1611 653 1686 domnum,
669 1617 703 1670 nt
712 1609 857 1671 Christum
866 1629 1027 1690 seqrramur,
1035 1611 1244 1691 exasperandos

116 1681 290 1750 esse'llvan
335 1691 356 1748 ii
384 1689 497 1750 hosta:
525 1707 559 1750 ae
581 1709 632 1752 eor
655 1709 772 1770 prorsus
797 1689 922 1768 desipere
944 1691 995 1769 quui
1022 1691 1065 1750 ric
1092 1691 1244 1752 conciliant
1269 1735 1275 1742 ·

118 1769 260 1830 mundam
304 1769 402 1841 lus-isto,
421 1775 455 1830 ut
474 1770 588 1863 quassis
607 1769 774 1830 oilemiones
793 1768 935 1841 damnent,
954 1788 1043 1849 quam
1056 1771 1150 1850 polius
1161 1768 1245 1832 chri-

119 1857 183 1908 stus
202 1849 297 1908 sciens
312 1867 350 1908 ae
364 1847 464 1908 rolens
487 1849 590 1928 impios
613 1849 774 1912 irritaverit,
818 1845 951 1908 Tenenda
975 1867 1043 1930 ergo
1067 1867 1154 1930 quam
1178 1849 1247 1930 alibi

144 1927 298 2068 οοοῶοιὶοἱιό
319 1928 427 2008 regida:
462 1945 563 1989 coecos
600 1945 635 1990 ee
667 1927 752 1990 duces
785 1945 937 1990 οοοοοοοιο
970 1927 1152 2008 negligendos
1182 1947 1245 1990 esso

220 2012 276 2069 ut
302 2049 311 2080 ‚
330 2009 376 2068 14.

203 2089 252 2148 15.
292 2011 519 2170 [accingerent
538 2111 603 2150 mm
622 2081 709 2150 elium
728 2089 896 2150 Piros-icosi.
940 2085 1022 2150 Hanc
1040 2085 1245 2150 confessionem

120 2185 159 2228 ex
178 2186 229 2226 ore
248 2168 329 2227 coeci
345 2169 401 2226 iam
420 2175 485 2228 ente
503 2169 626 2250 populus
645 2167 786 2229 audienti
811 2184 889 2228 nuno
911 2166 972 2228 eius
994 2173 1089 2229 testes.
1102 2165 1245 2228 Pharisaei

118 2265 237 2328 quoqne
253 2245 398 2326 finnt.qui
416 2247 537 2308 obiicere
576 2255 697 2322 olerent,
716 2265 862 2307 rumorem
881 2246 941 2306 sine
960 2247 1051 2326 eapite
1069 2253 1176 2306 temem
1195 2266 1244 2306 ex·
1288 2249 1293 2257 “

118 2330 239 2386 citatum
258 2325 294 2386 ab
319 2325 481 2386 hominibus
503 2271 620 2408 pietieiis
644 2347 703 2388 non
726 2327 819 2388 mium
845 2333 952 2386 temere
976 2326 1061 2386 luisse
1085 2331 1246 2406 exceptum.

121 2407 166 2466 Ac
184 2407 279 2485 primo
298 2407 412 2485 quidem
430 2407 534 2466 omissa
551 2407 620 2468 facti
637 2408 811 2494 quaestione,
832 2412 865 2466 ut
935 2411 1048 2480 aunon,
1067 2403 1103 2464 de
1114 2405 1246 2466 iureten·

122 2491 187 2543 tum
205 2483 363 2564 disputant:
385 2505 445 2546 non
468 2487 544 2546 enim
566 2494 672 2567 nogant
695 2488 764 2566 quin
789 2485 882 2546 visum
932 2485 1042 2548 hristus.
1061 2503 1148 2546 coeco
1167 2485 1245 2546 resti-

123 2565 223 2637 luerit,
252 2565 302 2624 red
326 2565 431 2628 οοῑοιοο
455 2567 602 2626 inveniunt
626 2567 657 2626 in
680 2565 889 2628 circunmtmtia
908 2565 1059 2646 temporis,
1089 2583 1124 2626 ee
1142 2587 1161 2626 n
1196 2571 1246 2626 ant

119 2641 178 2704 Dei
196 2655 258 2704 esse
276 2664 348 2724 opos
367 2665 427 2724 quo
446 2643 582 2706 violatum
600 2645 655 2706 luit
673 2646 828 2717 sabbatum.
867 2645 925 2704 Sed
965 2646 1037 2705 rimo
1053 2663 1177 2726 queereu
1198 2665 1245 2710 uua

118 2729 189 2798 crat,
208 2742 247 2782 an
266 2723 395 2784 ffimnmn
414 2741 487 2806 opus
506 2731 581 2786 essct
599 2724 706 2786 sabbati
725 2727 850 2786 violatio.
881 2667 964 2803 Quid
979 2725 1245 2806 eutemobstatquo

118 2805 212 2862 minas
232 2802 288 2863 hoe
306 2805 432 2876 videant,
451 2805 505 2862 nisi
523 2806 590 2884 qnia
609 2824 699 2886 provo
719 2807 822 2864 allecto
841 2812 869 2866 et
888 2806 995 2865 malitia
1013 2807 1157 2880 excoecati
1175 2805 1245 2866 niluii

118 2883 233 2942 rident?
271 2883 356 2944 Adde
376 2882 454 2962 qnod
474 2885 530 2942 iem
549 2885 628 2966 prius
646 2887 714 2946 satis
733 2904 874 2966 superque
892 2885 987 2948 edocti
1005 2883 1245 2948 fuerant'aChri·

116 2970 178 3036 sto,
197 2983 259 3022 non
276 2964 367 3043 magis
387 2982 453 3022 oum
471 2963 595 3028 sabbato¹
607 2985 733 3046 pugnare
752 2983 826 3044 quae
844 2963 925 3026 Dens
944 2963 1105 3026 hominibus
1128 2965 1246 3059 tergitur

117 3041 256 3123 beneficia
275 3061 363 3121 quam
387 3043 640 3104 circumcisionem
660 3051 689 3104 et
706 3043 790 3124 Legis
813 3044 899 3104 verba
923 3043 1051 3104 homiues
1070 3063 1088 3104 a
1107 3063 1166 3103 suus
1185 3050 1245 3102 teu·
1372 3070 1376 3076 ·

118 3128 201 3194 tarn,
224 3139 286 3179 non
304 3119 359 3180 Dei
378 3121 509 3202 operibus
529 3125 673 3202 quiescere
695 3123 793 3183 iubent
822 3121 932 3198 (Exod.
958 3129 1011 3197 22,
1037 3122 1112 3200 17.).
1158 3119 1247 3198 Quod

122 3217 195 3278 ergo
213 3217 340 3258 errorem
357 3221 409 3280 pro
427 3201 556 3261 molosso
576 3210 692 3264 sumunt
710 3211 770 3262 tarn
789 3202 883 3262 valide
902 3201 1070 3276 refutatum,
1090 3201 1271 3260 obstinatae*

124 3277 252 3338 malinae
270 3278 457 3358 imputandam
477 3287 536 3340 est:
565 3283 665 3342 sellem
685 3303 743 3342 non
762 3281 816 3340 alie
835 3280 871 3340 de
890 3301 974 3342 causa
993 3287 1089 3342 errant
1106 3283 1161 3342 nisi
1181 3283 1247 3361 quie

121 3375 222 3417 enom
240 3355 318 3416 libet.
356 3357 397 3418 ltu
413 3357 541 3440 Papislee
560 3362 675 3422 frivolos
696 3361 865 3442 putidasque
883 3361 1048 3435 calumnias,
1067 3361 1169 3440 quibua¹
1183 3381 1248 3422 oon·

120 3439 176 3496 ties
195 3455 367 3517 responsum
385 3445 436 3510 est,
454 3439 573 3500 subinde
593 3449 686 3501 tamen
707 3441 838 3522 perir-icto
858 3440 953 3500 fronte
971 3442 1098 3521 ingerere
1122 3459 1182 3500 nou
1200 3435 1247 3496 de-

118 3519 225 3576 sinunt
268 3513 347 3593 Quid
366 3537 432 3599 ergo
451 3519 533 3580 uotis
553 3521 710 3600 agendum?
730 3515 840 3599 Nempe
855 3539 945 3598 quum
959 3519 1038 3579 locus
1049 3519 1140 3592 datur,
1160 3535 1248 3595 quen·

119 3603 181 3654 tum
199 3597 231 3656 in
251 3595 333 3654 nohis
352 3604 409 3670 est,
429 3598 582 3660 refellenda
601 3606 645 3660 est
663 3619 763 3660 eorum
782 3598 962 3680 improbitas,
982 3599 1033 3678 qui
1051 3597 1122 3657 false
1141 3595 1248 3658 invidia

120 3673 307 3754 Evangetinm
327 3681 448 3755 pavant
466 3683 496 3737 et
515 3678 661 3738 insanient.
690 3678 724 3738 Si
742 3679 821 3738 nulla
840 3679 1022 3758 quantumvis
1040 3678 1113 3737 iusta
1124 3676 1248 3740 defensio

123 3771 158 3811 os
179 3753 233 3811 iltis
264 3753 392 3828 obturet,
422 3775 480 3818 non
504 3758 650 3838 estquod
674 3758 851 3818 latiscemus:
881 3777 912 3818 se
936 3777 1040 3838 magno
1059 3764 1090 3818 et
1108 3757 1180 3818 intre
1200 3759 1248 3822 ido

125 3831 219 3890 animo
237 3832 378 3894 obstimta
397 3835 469 3896 haec
487 3837 671 3898 maledicendi
691 3838 791 3912 ubido,
811 3859 874 3918 qua.
886 3858 940 3898 nos
960 3839 1119 3918 opprimere
1139 3779 1247 3916 soient,

123 3909 255 3970 calcum
272 3919 323 3974 est.
363 3913 518 3978 Axiomata
537 3925 653 3980 sumunt

119 3989 275 4050 audimdos
297 4011 362 4053 esse
387 3996 437 4140 {ui
463 3995 497 4054 ab
521 3995 647 4056 Ecclesia
672 3937 871 4080 discessionem
894 3997 1002 4058 faciunt
1024 4005 1054 4059 et
1077 3995 1249 4140 abrumpunt

693 3937 745 3978 uae
764 3918 883 3978 libenter
902 3917 957 3978 illis
976 3918 1169 3980 concedimus:
1189 3941 1248 3982 non

116 4069 187 4132 fidei
207 4072 351 4132 unitatem.
416 4074 451 4134 ed
470 4076 547 4156 qpod
566 4078 718 4157 praecipue
737 4077 940 4140 discutiendsuu
960 4085 1035 4152 erat,
1063 4084 1092 4138 et
1111 4100 1169 4158 quo
1208 4081 1247 4142 di·

116 4149 213 4210 ineide
231 4151 311 4212 mitio
329 4152 402 4212 locis
421 4157 602 4234 exposuimus
622 4157 828 4217 dissimulanter
847 4164 1040 4238 praetereunt:
1061 4155 1169 4239 Papam
1182 4177 1248 4220 cum

113 4249 169 4290 aaa
189 4237 306 4290 caterve
324 4231 398 4290 niluil
416 4235 508 4294 minus
528 4255 614 4314 quem
633 4234 789 4296 Ecclesiam
813 4257 888 4296 esses
917 4236 1085 4318 lamagincm
1109 4258 1148 4298 ex
1171 4258 1248 4299 oom-

113 4311 221 4369 mentis
242 4311 412 4372 adulterinis
431 4315 591 4387 comiatum,
609 4324 639 4376 et
657 4317 789 4375 iniectam
807 4323 852 4376 tot
871 4319 1100 4396 superstitionum
1110 4317 1249 4396 figmentis

113 4389 244 4458 mulum
264 4409 284 4453 e
303 4391 411 4456 ducere
430 4392 486 4456 fids
504 4393 615 4458 distare
654 4395 744 4479 Atqui
763 4395 870 4457 furiose
888 4415 940 4457 sua
958 4396 1113 4479 petulantia
1132 4413 1191 4452 noa
1209 4393 1248 4452 et-
