2804 4850
479 219 825 283 caporum:
963 203 967 210 '
1055 261 1062 284 .
1137 201 1225 290 'sos

95 356 174 419 tum,
190 349 228 406 et
242 347 322 402 ectus
341 337 433 398 beato
452 343 551 396 noster
567 337 760 418 crucifigatur,
776 343 810 398 ut
828 336 923 398 valeat
937 337 997 396 sins
1010 339 1180 400 maneatis
1190 341 1226 400 acl
1284 336 1287 346 ’

96 446 156 486 uos
176 425 204 484 in
222 424 294 482 ritae
311 417 472 479 noiitstem
490 416 694 489 reformandos,
714 419 837 498 denique
856 423 890 476 ut
908 416 1049 478 bonorum
1067 421 1225 480 cius‘sinrua

100 505 256 586 pamieipes.
294 498 375 580 Ergo
395 495 468 556 nihil
486 515 613 556 seorsum
632 498 774 558 aCbriste
793 497 917 638 Spiritus
935 496 1016 556 nobis
1035 501 1155 576 coulert,
1175 500 1226 560 sed

97 607 117 646 a
137 583 248 644 Christo
268 581 359 640 s'umit
379 576 457 658 quod
475 578 579 636 imnos
599 579 784 638 transfundat
828 575 941 638 demet
961 577 997 636 de
1015 577 1143 640 doctrina
1161 599 1225 640 sen·

98 665 238 726 timdamz
257 678 358 740 neque
375 657 451 716 cuba
469 675 523 716 noa
542 657 691 734 illuminat,
713 665 745 718 ut
762 657 884 718 abducat
902 658 948 716 vel
966 657 1226 722 tantillumacbri-

93 753 156 816 sto,
176 743 229 802 red
247 747 283 801 ut
302 737 444 818 compleat
462 734 541 816 quod
561 736 626 796 dicit
645 737 751 798 Paulus
776 736 816 815 (1.
836 736 904 796 Cor.
926 741 954 810 l,
973 737 1058 819 tu),
1080 736 1226 800 Gluistum

94 845 160 884 osse
179 823 266 881 uobis
284 819 394 883 luctum
411 817 585 896 sapientiam.
628 815 699 876 ltenr
717 817 866 876 thusam
884 817 966 890 illos,
991 819 1042 896 qui
1060 819 1091 877 in
1110 817 1227 879 Gbriato

95 909 168 963 aaut
187 899 490 974 absconditi,.mserat
528 894 562 955 ln
579 913 706 970 murrae,
729 915 787 956 nou
807 897 976 976 aliis-quam
996 896 1102 958 Christi
1121 897 1226 959 divitiis

97 1002 157 1042 nos
175 979 339 1060 locupletat
351 975 481 1056 Spiritum,
499 976 611 1036 utcius
630 975 749 1057 gloriam
765 977 932 1058 peremnia
951 976 1081 1037 illustret.
1130 1042 1135 1052 ,
1208 997 1211 1014 ·

188 1062 236 1122 15.
278 1065 466 1139 mutuaque
485 1057 579 1116 Pater
596 1059 692 1130 totu,
710 1079 777 1116 areo
794 1065 872 1116 aar.
911 1053 988 1133 Quia
1007 1057 1096 1118 vidui
1114 1063 1250 1138 poleral=

103 1139 248 1208 Christus,
267 1135 341 1197 Patri
360 1136 563 1216 eriperequod
582 1135 635 1194 sibi
653 1136 823 1212 vindicabat,
837 1133 1228 1214 lateturbabcrescaPatre,

103 1217 243 1300 quioquid
265 1214 478 1297 perspiritum
503 1215 584 1274 uobis
606 1217 805 1288 communicat.
856 1214 1021 1290 Caeterum,
1050 1235 1141 1296 quum
1160 1219 1229 1280 dicit

105 1301 201 1358 omna
218 1295 308 1356 Patris
328 1313 381 1354 sua
400 1313 471 1368 esse,
490 1297 520 1356 iu
538 1293 831 1376 persoualllediatoris
850 1293 988 1374 loquitrn,
1008 1297 1075 1375 qnia
1095 1297 1130 1356 de
1139 1297 1227 1394 pleni·
1252 1290 1258 1304 ''

102 1379 202 1439 tudine
219 1377 279 1436 cius
296 1375 416 1434 baurim
427 1394 487 1434 oros
505 1380 627 1456 oportet.
667 1372 734 1434 Sem
757 1395 789 1434 er
807 1371 844 1432 ad
862 1393 916 1433 nos
935 1376 1058 1456 respicit,
1078 1377 1228 1439 utdrctum

96 1468 160 1518 est..
190 1455 218 1517 A
252 1456 280 1514 iri
299 1453 487 1515 videmos-nt
504 1473 534 1514 se
552 1455 644 1514 maior
663 1395 983 1536 parsiomiaruniallat,
993 1471 1067 1535 quaa
1076 1460 1228 1536 praeterito

97 1539 216 1598 Christo
254 1609 256 1612 Ι
285 1555 335 1596 om
354 1554 408 1616 per
425 1553 523 1613 rages,
533 1535 667 1595 circuitus
686 1535 805 1615 quaerit
830 1533 890 1594 Alii
907 1553 942 1594 ex
964 1541 1062 1608 ouant,
1077 1555 1229 1598 commuue

95 1638 163 1679 ease
181 1615 253 1676 Pilio
273 1615 410 1695 quicquid
430 1615 514 1674 babet
533 1614 626 1690 Pater,
646 1613 923 1694 quatenasidcmest
977 1633 1020 1676 us.
1045 1614 1103 1675 Sed
1113 1615 1160 1676 bic
1168 1637 1228 1678 non

97 1707 165 1758 tarn
184 1696 220 1756 de
239 1714 341 1754 armna
359 1701 389 1754 ct
408 1696 567 1768 mumma,
586 1701 619 1754 ut
637 1697 678 1754 sic
697 1695 809 1775 loquar,
827 1693 1081 1775 potentiadisscrit,
1096 1697 1229 1776 quamde

100 1779 234 1836 iniuncto
253 1774 306 1836 sibi
324 1791 389 1856 erga
406 1793 461 1834 nos
481 1774 583 1834 officio.
622 1773 756 1854 Denique
775 1792 841 1833 suar
851 1774 961 1834 dvitiae
969 1775 1123 1855 praedicat,
1133 1783 1166 1836 ut
1174 1795 1229 1836 nos

101 1857 146 1916 ad
164 1855 314 1915 fruendum
332 1854 439 1916 usust.
457 1860 543 1934 atque
562 1855 636 1934 inter
653 1853 737 1931 dona,
758 1871 833 1934 quas
850 1873 903 1935 per
921 1856 982 1914 eius
1001 1871 1118 1915 manum
1134 1872 1156 1915 a
1174 1854 1229 1916 Pa-

104 1943 153 1996 tre
171 1936 336 2015 accipimus,
354 1934 493 2014 Spiritum
511 1941 649 1994 recenset.
844 1933 846 1938 ‘

129 2111 132 2118 Ι
198 2029 249 2095 16.
271 2027 445 2119 Paulisper,
467 2038 589 2098 otssnon
611 2028 723 2097 videtis
746 2031 833 2119 (pro,
854 2026 1010 2117 videbitis)
1032 2051 1098 2094 me:
1125 2037 1158 2096 et
1177 2026 1231 2097 ite·

102 2161 176 2204 rum
203 2133 373 2226 paulisper,
405 2144 439 2202 et
464 2133 607 2202 videbitis
634 2159 703 2203 me:
736 2133 809 2224 quia
838 2155 898 2224 ego
925 2133 1006 2201 vado
1036 2133 1076 2200 ad
1095 2131 1231 2204 Putrem.

102 2245 157 2312 17.
180 2241 437 2334 Dixerunt,ergo
459 2241 587 2332 quidam
610 2265 651 2309 ex
673 2238 831 2332 discipulis
859 2238 928 2307 cius
957 2240 1038 2308 inter
1064 2263 1114 2324 se,
1146 2241 1232 2328 Quid

97 2363 153 2418 est
173 2350 252 2431 boc,
275 2347 364 2439 (prod
384 2349 458 2416 dicit
478 2347 585 2431 uobis,
618 2345 795 2438 Paulisper,
828 2356 860 2414 et
880 2367 945 2413 non
968 2346 1081 2414 videtis
1102 2371 1168 2448 me:
1200 2359 1233 2418 et

101 2457 221 2524 iterum
230 2454 398 2546 paullisper,
414 2465 446 2522 et
456 2453 598 2522 videbitis
609 2453 682 2522 me?
702 2451 754 2539 Et,
764 2453 859 2540 Quod
871 2475 930 2544 ego
941 2453 1023 2521 vado
1034 2453 1072 2520 ad
1085 2453 1232 2524 Patrem?

107 2563 162 2629 18.
186 2559 343 2628 Dicebant
362 2583 450 2652 ergo,
470 2560 542 2630 Hoc
564 2561 640 2651 quid
662 2571 725 2644 est,
747 2559 834 2651 quod
856 2559 944 2644 dicit,
965 2559 1148 2654 Paulisper?
1179 2587 1232 2632 ne

101 2667 237 2752 ammas,
267 2665 344 2758 quid
364 2666 521 2758 loquatm.
572 2668 625 2734 19.
648 2665 806 2760 Cognovit
828 2689 902 2760 ergo
924 2666 1029 2752 lesus,
1062 2667 1148 2760 quod
1170 2667 1232 2738 vel

97 2775 166 2845 lent
189 2797 268 2842 eum
290 2771 491 2866 interrogare,
513 2784 545 2854 et
567 2774 644 2842 dixit
665 2775 720 2858 eis,
740 2771 791 2844 De
813 2775 876 2844 hoc
898 2773 1045 2865 quaeritis
1066 2773 1147 2844 inter
1162 2799 1233 2863 vor,

99 2882 188 2972 qrrod
210 2879 289 2963 dixi,
312 2879 489 2971 Paulisper,
512 2891 545 2948 et
565 2903 631 2948 non
653 2879 766 2948 videtis
787 2905 854 2949 me:
876 2891 910 2948 et
929 2883 1043 2950 iterum
1065 2882 1232 2974 paulisper,

97 2999 132 3057 et
154 2988 304 3056 videbitis
326 3011 389 3054 me.
433 2987 486 3054 20.
508 2985 627 3072 dmcn,
653 3009 747 3082 umen
769 2987 838 3055 dico
861 2988 967 3072 vobis,
995 2987 1081 3078 quod
1102 2987 1233 3081 plorabi-

100 3097 142 3164 tis
164 3117 244 3176 vos,
266 3103 299 3160 et
318 3089 478 3186 lugebitis,
499 3093 637 3162 mundus
659 3105 766 3162 autem
787 3093 945 3184 gaudebit:
972 3116 1032 3161 vos
1054 3105 1161 3162 autem
1182 3093 1234 3162 tri·

99 3199 283 3280 -stabimini,
305 3201 362 3266 sed
380 3199 502 3268 tristitia
524 3212 628 3269 vestra
649 3201 682 3267 in
704 3199 853 3291 gaudium
875 3209 1022 3267 vertetur·

68 3375 73 3384 ,
190 3307 239 3368 16.
280 3311 448 3390 Paulisper,
478 3319 506 3369 et
528 3333 589 3371 nora
614 3311 715 3370 uiduis
738 3331 792 3369 rue.
840 3305 896 3367 Sue
917 3309 960 3367 ius
980 3308 1016 3368 de
1036 3327 1088 3370 suo
1109 3309 1233 3370 discessu

104 3385 267 3470 Apostolos
287 3385 414 3447 Christm
434 3391 621 3472 praemonuit,
661 3390 742 3448 artim
762 3393 795 3447 ut
813 3406 880 3446 cum
895 3329 1233 3463 idrtiorianimolerrcnt,

146 3469 212 3527 rtim
233 3472 266 3525 ut
285 3468 426 3528 amentius
445 3471 613 3550 expeterent
653 3469 754 3550 piritus
774 3469 902 3548 gratiam,
923 3467 1001 3528 cuius
1021 3488 1080 3528 non
1097 3487 1233 3548 magnum

124 3547 278 3608 esiderinm
299 3569 349 3608 eos
368 3547 490 3624 tenebat,
511 3549 646 3631 quamdiu
665 3547 805 3608 habebant
815 3547 960 3608 Christum
971 3565 1090 3628 corpore
1101 3551 1231 3628 praesen-

100 3635 173 3687 tem.
213 3626 384 3689 Cavendum
404 3649 471 3712 ergo
490 3650 526 3690 ne
546 3629 688 3689 fastidiose
706 3628 842 3711 legumus,
863 3628 941 3710 qnod
960 3647 1018 3686 non
1038 3625 1232 3688 frustraCbri·

105 3713 170 3766 stris
188 3707 318 3770 inculcat
339 3709 438 3769 Primo
458 3709 528 3769 dicit
544 3729 575 3769 se
594 3709 648 3768 illis
661 3707 747 3791 paulo
762 3713 829 3792 post
845 3716 973 3790 ereptum
983 3707 1026 3782 iri,
1037 3715 1070 3768 ut
1080 3714 1232 3788 conspectu

102 3787 171 3844 cius
189 3783 298 3866 privati,
318 3791 350 3848 in
371 3808 429 3868 quo
449 3793 511 3849 solo
531 3788 753 3870 acquiescebant,
772 3810 832 3849 non
850 3795 947 3848 tamen
957 3787 1085 3846 desinant
1093 3787 1233 3868 praesenti

105 3883 173 3924 csse
190 3869 291 3927 mimo.
318 3867 431 3930 Deinde
450 3871 592 3930 absentiae
611 3867 678 3930 errae
697 3869 853 3930 subsidium
870 3869 926 3929 illis
945 3869 1095 3948 promittit:
1115 3867 1173 3926 imo
1192 3873 1232 3928 te·

103 3951 249 4006 staturae
266 3948 348 4010 brevi
368 3951 530 4010 restitutum
548 3950 592 4024 iri,
610 3957 763 4030 postquam
781 3949 890 4009 ablatus
909 3947 1126 4023 fuerit,sedalio
1137 3948 1233 4024 niodo,

100 4045 212 4106 nempe
233 4047 283 4108 per
302 4029 429 4124 Spiritus
448 4031 536 4090 sancti
559 4032 756 4111 praesentiam.
802 4027 976 4109 Quanquam
1000 4027 1056 4087 boc
1079 4027 1233 4090 secundum
1325 4030 1329 4037 '

100 4105 267 4167 membrum
288 4109 337 4168 alir
356 4128 438 4170 secus
458 4115 615 4190 exponunt,
634 4108 772 4169 Videbitis
791 4129 837 4170 me
856 4129 947 4190 qnam
965 4127 983 4168 a
1003 4112 1120 4168 morioris
1140 4129 1232 4169 resur-

101 4205 218 4262 rexero,
238 4188 290 4248 sed
309 4191 424 4250 nonnisi
443 4191 478 4250 ad
498 4191 633 4272 exiguum
652 4195 772 4272 tempus,
793 4191 857 4269 quia
867 4209 937 4248 mox
946 4191 976 4248 in
986 4191 1095 4249 eoelum
1105 4192 1232 4271 recipiar.
1253 4243 1255 4248 ,

102 4264 162 4326 Sed
182 4265 256 4327 milri
275 4268 451 4330 resbacum
470 4283 583 4330 sensum
603 4269 748 4329 admittere
767 4287 825 4328 non
845 4269 985 4343 videntur,
996 4273 1232 4351 paratiaperetvt·

103 4337 208 4408 dedisce
227 4371 284 4408 me.
332 4345 411 4427 Quin
435 4350 607 4432 potiushac
626 4349 816 4410 consolatione
837 4349 966 4409 sublevat
985 4369 1018 4410 ac
1037 4351 1145 4430 mitigat
1165 4367 1232 4406 suae

102 4425 252 4489 abamtiae
272 4447 447 4508 moerorem,
478 4431 556 4511 quod
574 4429 784 4492 noa'diuturna
803 4429 899 4491 lutura
919 4428 969 4504 sit,
998 4447 1032 4490 uc
1051 4431 1091 4490 ita
1109 4428 1232 4509 Spiritus
