2754 4864
794 75 803 115 l

491 207 496 218 ·
539 205 669 268 carne
686 205 771 268 ann
1048 159 1051 166 ⁵
1152 211 1211 275 rsa

90 318 207 398 dispersi
225 316 360 392 finissent,
379 321 443 398 quis
462 341 521 382 non
543 321 604 382 lure
622 322 809 382 mercenarios
833 321 968 382 dixisset?
1006 321 1102 400 Quam
1125 327 1212 386 noxia

90 407 119 458 et
137 400 226 479 turpis
245 398 274 456 iu
285 417 428 478 ‘praeseus
447 399 545 462 helmet
563 402 619 460 loci
640 402 779 462 desertio?
811 407 986 482 quantopere
1005 403 1132 481 fregisset
1151 424 1210 464 om·

70 479 169 538 ‘nium
188 477 316 536 animos?
345 485 483 558 qnantum
502 481 577 561 apud
597 488 726 560 posteros
745 499 826 540 exem
848 481 877 540 lo
896 482 1056 542 nocuisset?
1093 483 1212 544 Accidct

87 557 199 638 quidem
219 557 377 630 interdum,
397 565 430 617 ut
448 561 556 639 pastori
574 560 805 641 quoquotugere
824 503 921 634 litent,
940 559 996 620 hoc
1014 569 1071 635 eet,
1090 563 1114 620 si
1133 561 1211 621 solus

86 639 146 731 ipse
163 635 323 716 impetitur,
347 637 373 696 si
392 655 449 696 non
470 641 586 698 timetur.
602 647 720 720 propter
738 643 797 703 eins
816 639 971 700 absentiam
990 637 1131 700 Ecclesiae
1155 641 1210 700 dis·

84 715 193 795 srpatio.
234 713 347 792 Quodsi
357 735 507 777 commune
517 719 559 777 illi
578 727 622 779 est
640 739 707 779 enm
726 739 810 800 grege
829 727 984 794 certamen,
1004 719 1056 778 uisi
1071 720 1106 779 ad
1117 727 1210 780 extre·

84 815 162 855 enum
171 798 323 868 sustineat,
342 795 470 876 pertidus
478 805 521 858 est
530 797 615 858 officii
625 798 760 858 desertor.
800 798 1073 860 Privatismaiorest
1086 798 1208 859 libertas.

161 879 190 936 2.
232 879 416 936 tumme
437 881 624 958 Stephanum
650 878 781 939 Ostendit
800 877 906 954 Lucas,
925 880 954 938 in
974 881 1037 958 ipso
1056 897 1208 960 persequa-

84 956 193 1013 tiomrrn
212 953 325 1026 ardore,
345 975 403 1014 non
424 957 465 1014 aie
483 963 578 1018 tamen
597 959 751 1018 concidisse
768 960 881 1038 piorum
900 961 1023 1028 aubrios,
1053 961 1122 1038 quin
1146 957 1208 1016 uelo

84 1036 235 1113 llagrentes
258 1033 369 1113 pietatis
393 1033 487 1096 officia
510 1037 742 1098 coloncellas
767 1039 863 1118 exigui
886 1039 1023 1098 momenti
1047 1056 1108 1096 esse
1132 1038 1208 1096 vide-

84 1117 133 1172 tur
155 1114 311 1192 sepulture:
339 1109 435 1194 potins
465 1133 550 1196 qnam
574 1135 637 1176 eam
661 1118 816 1196 negligant,
840 1136 899 1176 non
928 1115 1080 1176 obscurum
1104 1116 1209 1176 adeunt

85 1193 160 1251 vitae
182 1193 338 1252 discrimen.
387 1191 637 1272 Quemadmodum
664 1203 761 1256 autern
786 1196 896 1256 sortiter
920 1203 1042 1255 mortem
1066 1215 1116 1254 eos
1140 1215 1207 1255 oon·

85 1272 214 1352 temmoee
232 1273 368 1352 temporis
382 1275 594 1335 circumstantia
613 1281 745 1350 testatur,
770 1277 810 1334 ita
833 1296 871 1334 ex
890 1274 988 1334 eadem
1007 1271 1130 1333 vicissim
1150 1275 1207 1334 col-

83 1350 207 1430 ligimse,
235 1372 294 1410 non
319 1353 390 1423 sins¹
404 1373 505 1434 magna
528 1355 737 1414 etneoessaria
761 1374 847 1414 causa
871 1353 957 1414 fuisse
977 1355 1005 1412 in
1026 1353 1079 1414 huc
1098 1371 1130 1412 re
1148 1361 1208 1414 tam

81 1429 224 1490 sollicitos.
260 1431 329 1490 vlloc
352 1433 427 1492 eniur
452 1434 488 1492 ad
512 1434 697 1494 exercendam
721 1453 820 1494 eorrnn
842 1432 931 1494 iidem
949 1432 1103 1512 plurimum
1122 1433 1206 1492 inter-

80 1516 155 1585 erat,
174 1529 232 1570 uon
251 1511 374 1590 relinqui
392 1515 550 1592 proiectum
569 1519 597 1573 et
615 1513 682 1573 leuis
700 1515 863 1594 expositum
881 1513 971 1572 sandi
994 1513 1128 1590 martyris
1145 1530 1206 1570 cor-

81 1609 148 1670 pus,
176 1590 207 1648 in
252 1611 290 1650 uo
315 1589 439 1652 nobilem
464 1594 547 1652 trium
569 1591 638 1652 bum
659 1591 788 1668 Christus
812 1613 865 1672 pro
884 1589 1030 1670 Evangelii
1054 1592 1098 1650 sui
1118 1590 1207 1670 gloria

80 1676 181 1749 egerat.
247 1689 282 1728 ec
300 1689 369 1728 vero
402 1678 521 1730 tolerant
540 1613 656 1730 tllrrirto
675 1673 785 1744 vivere,
808 1671 862 1730 uisi
881 1669 1028 1751 Stephano
1054 1671 1083 1728 in
1106 1670 1207 1730 mortis

81 1749 241 1810 societatem
261 1693 406 1829 aggregab
445 1753 516 1810 arati
535 1757 639 1810 esseut.
678 1749 837 1830 Sepelieodi
856 1768 980 1828 ergoma
1044 1749 1067 1807 'e
1081 1749 1207 1810 studium

80 1827 134 1887 illis
152 1827 188 1887 ad
208 1830 343 1888 invictam
363 1772 538 1909 prolileudae
557 1829 623 1891 lidei
642 1831 828 1890 constantiam
847 1756 1064 1888 meditationbil.
1105 1829 1207 1906 ltaque

80 1909 109 1968 in
127 1927 158 1968 re
177 1926 353 1988 supervacue
373 1929 431 1969 nou
455 1909 631 1990 satagebant,
661 1914 693 1968 nt
716 1908 891 1968 adversarios
914 1907 1120 1966 inconsiderato
1144 1907 1207 1966 eelo

80 1994 276 2068 provocarent.
316 1987 489 2068 Quanquam
509 1989 644 2068 generalia
664 1990 750 2048 etiam
768 1989 854 2060 ratio,
874 2005 949 2066 qnae
968 2003 1080 2066 semper
1098 1992 1127 2044 et
1145 1985 1206 2044 nbi-

79 2086 135 2204 pne
154 2065 230 2148 apud
249 2068 312 2148 pios
331 2068 427 2128 raler'e
447 2067 545 2141 debet,
573 2067 673 2148 promd
697 2066 784 2126 dubio
802 2066 878 2146 apud
898 2083 948 2124 eos
967 2065 1079 2146 pondua
1098 2064 1206 2122 hahuit.

78 2145 322 2286 lsshlttl
337 2142 1206 2302 tlttt'ttt',tltt¹tttt⁹‘”tln³tt.tlttt

77 2303 219 2365 harbaries
243 2283 355 2386 semper
378 2307 472 2366 habita
497 2306 564 2381 luit,
592 2323 712 2386 coquom
740 2304 880 2385 insepulta
905 2310 1008 2384 sponte
1037 2303 1204 2380 relinquere.

76 2381 247 2444 Nesciebaut
264 2385 377 2465 prolaui
396 2385 538 2460 homines,
558 2404 695 2466 quorsum
715 2391 776 2444 tam
792 2391 926 2444 sanctum
943 2383 989 2443 ins
1003 2382 1124 2462 sepulcri
1144 2399 1205 2439 esse
1293 2427 1297 2432 .

76 2466 231 2522 ducerent:
255 2463 336 2524 nobis
355 2485 424 2524 vero
437 2463 507 2540 xlinis
527 2485 584 2524 noo
605 2471 650 2524 cst
668 2466 841 2545 incognitus,
869 2483 972 2543 nempe
995 2469 1029 2522 ut
1053 2465 1206 2542 agnoscant

77 2543 246 2622 superstites
269 2544 396 2605 mandari
420 2553 512 2604 terrae
534 2563 655 2626 corpora
677 2545 756 2604 uelut
776 2546 804 2603 iu
824 2543 995 2616 custodiam,
1025 2539 1117 2600 donec
1139 2538 1205 2598 iude

76 2623 246 2682 excitentm.
284 2623 367 2684 Unde
386 2632 517 2706 apparet,
537 2627 610 2684 vivis
629 2625 833 2705 potiusquam
851 2624 971 2682 mortuis
990 2621 1059 2680 utile
1078 2618 1205 2678 essehoc

75 2700 213 2761 ollicium.
251 2700 375 2764 Tametsi
393 2703 575 2765 humanitatis
594 2723 709 2784 quoqne
729 2711 844 2764 nostrae
867 2707 924 2777 eet,
948 2701 1074 2762 debitum
1097 2700 1204 2780 impen-

74 2781 145 2841 dere
164 2782 328 2876 corporibus
347 2783 499 2858 honorem,
523 2783 626 2864 quibes
645 2784 758 2846 beatum
780 2782 1019 2844 immortalitatem
1037 2781 1205 2862 promissam

71 2881 137 2922 esse
156 2879 269 2921 seruos.
778 2891 785 2910 ·

154 2942 298 3004 Fecerunt
317 2945 469 3024 planetum
493 2965 641 3024 ιιιιιςιιιιιιι.
692 2945 728 3004 ln
758 2943 874 3023 planctu
898 2959 1016 3022 quoquo
1041 2939 1154 3020 pietatis
1176 2943 1205 2997 et

71 3019 141 3080 fidei
159 3019 365 3158 professionem
388 3022 567 3082 commendat
590 3021 691 3082 Lucas.
730 3021 809 3082 Facit
827 3021 904 3082 enim
926 3019 1094 3100 plerumque
1118 3018 1205 3078 tristis

71 3107 105 3160 et
128 3101 157 3158 iu
170 3107 268 3160 enatus
291 3108 425 3176 eventu,
450 3109 484 3162 nt
503 3121 575 3181 qnae
596 3103 675 3182 prius
694 3119 796 3160 causae
815 3099 979 3179 placuerant
1001 3097 1204 3175 relinquantur.

73 3180 130 3242 Isti
149 3187 247 3240 contre
266 3181 346 3242 laetu
364 3201 418 3244 sno
443 3181 600 3252 declarant,
625 3201 656 3242 se
680 3187 772 3260 morte
795 3177 935 3259 Stephani
957 3177 1072 3238 minime
1096 3174 1204 3267 terreri,

96 3260 229 3318 nominos
257 3261 287 3319 in
316 3279 417 3321 causae
446 3259 651 3342 approbatione
681 3265 822 3340 perstent,
851 3255 936 3316 simul
961 3262 1097 3336 quantam
1121 3270 1204 3311 nurus

71 3281 199 3398 bominis
228 3337 344 3400 interitu
367 3341 506 3400 iacturam
531 3341 627 3400 iecerit
654 3337 710 3398 Dei
734 3333 859 3398 Ecclesia
883 3337 1070 3395 considerant
1109 3330 1204 3410 Repu·

70 3418 179 3478 dianda
207 3426 302 3479 antem
331 3426 374 3480 est
392 3439 507 3480 sesana
536 3419 585 3478 illa
612 3415 804 3500 philosophia,
834 3433 908 3496 quae
932 3414 1060 3480 homines
1087 3427 1204 3492 prorsus

69 3499 205 3578 stupidos
219 3518 285 3578 ,esse
303 3499 382 3560 iubet
407 3506 439 3560 ut
463 3500 580 3594 sepiant.
620 3497 734 3558 Stoicos
758 3497 826 3556 olim
851 3514 951 3558 seusus
973 3491 1132 3554 communis
1154 3508 1204 3548 ex·

91 3585 170 3638 ertee
189 3577 276 3638 fnisse
296 3587 422 3659 oportet,
467 3601 497 3638 nr
523 3579 641 3640 affectus
660 3595 758 3638 omnes
778 3576 911 3637 arcebant
929 3574 964 3634 ab
984 3573 1107 3633 homine
1146 3565 1203 3627 llo·

67 3599 120 3796 {ip
130 3657 258 3796 gegetum
282 3655 395 3797 lanatpci
419 3601 637 3798 mbembdelliria
661 3657 781 3718 libenter
794 3657 834 3754 ‘in
853 3649 1202 3794 Emlepipmfflppveeslperlppp

191 3757 226 3798 en
288 3757 618 3800 umerreumaans
705 3755 856 3797 nsexrau
909 3755 966 3796 arr
1192 3761 1203 3774 ·

67 3815 130 3876 lius
150 3817 196 3878 vel
216 3758 305 3899 mllgis
324 3818 525 3882 effeminatum.
564 3746 753 3878 Lemellalblam
782 3757 884 3878 odam,
897 3813 929 3874 in
956 3814 1017 3873 aliis
1045 3809 1120 3872 serre
1144 3825 1203 3866 nen

64 3899 263 4038 euentu
285 3897 337 4036 „3⁶
356 3899 413 4038 lt:
431 3907 544 4038 ure
561 3899 767 4038 uerus
786 3893 1018 3970 ⁶*
1037 3898 1080 4031 a*
1098 3890 1202 4030 tre:

65 4072 161 4135 quar,
187 4053 267 4144 Dens
291 4057 449 4132 adciscitur,
478 4077 568 4138 quum
593 4058 640 4116 vel
668 3996 932 4138 pumgapidffldm
957 4013 1095 4134 propinat.
1143 4041 1203 4105 Nos

64 4155 143 4196 vero
165 4137 287 4206 ιοίιιιιιιι
306 4137 438 4212 allectus,
463 4159 535 4221 quos
554 4137 694 4198 humanae
713 4143 829 4198 caturae
848 4133 929 4194 Deus
952 4131 1069 4205 indidit,
1096 4148 1150 4212 per
1173 4144 1204 4186 se

63 4235 130 4273 nou
151 4215 242 4296 magis
261 4235 323 4277 esse
343 4217 475 4292 vitiosos,
495 4237 580 4299 quem
600 4217 608 4275 i
630 4235 693 4276 enm
712 4223 872 4288 auctorem,
890 4213 940 4274 sed
958 4212 1204 4294 primnmacausa

63 4294 266 4355 aestimandos
290 4315 365 4370 esse,
389 4295 488 4357 deinde
512 4297 535 4356 ai
561 4237 678 4356 modum
701 4314 736 4356 ac
759 4295 981 4355 moderationem
1004 4297 1109 4353 tenent.
1148 4285 1205 4347 Dei

65 4381 153 4434 certa
175 4373 257 4435 donis
277 4377 328 4456 qni
347 4376 526 4458 gaudendum
545 4393 607 4436 esse
625 4383 724 4458 negat,
747 4382 850 4436 trunco
872 4375 921 4436 rel
944 4372 1031 4454 tepidi
1055 4369 1144 4451 magia
1167 4365 1203 4424 si·
1328 4419 1336 4434 .
