2700 4844
434 253 563 320 CAPUT
580 253 718 318 xxvffl.
1075 257 1134 320 483
1182 311 1186 320 ,

18 381 96 454 Deo,
124 377 172 460 pul
196 390 353 458 poenarum
376 363 556 436 similitudine
577 372 709 436 videntur
730 372 760 432 lu
784 371 930 432 homiuum
953 371 1043 432 oculis
1067 391 1132 432 cou-

17 460 110 520 iunoti.
157 455 190 518 si
221 453 285 534 quis
304 452 439 526 obiiciat,
467 473 525 514 nou
549 452 652 513 frustm
676 453 705 511 iu
724 450 799 531 nege
818 453 902 512 toties
921 453 1023 532 repeti,
1051 453 1133 510 nuisc-

17 543 72 600 rias
100 555 195 597 omues
215 535 340 616 privatas
364 538 393 590 et
411 531 536 612 publicas
555 531 611 592 Dei
630 549 691 592 esse
710 531 834 612 flogella,
862 531 954 591 fateor
973 531 1085 610 quidem
1104 529 1134 592 id

17 638 77 678 osse
96 635 208 683 rerum,
237 611 287 672 sod
309 618 405 676 temen
425 612 535 672 obstare
552 631 641 692 nego,
665 611 734 706 quin
753 617 849 706 parcet
867 609 948 670 Deus
967 612 1003 670 ad
1022 617 1135 691 tempus

17 697 117 778 quibus
140 696 225 764 velit,
254 692 383 771 quamvis
407 693 533 750 omnium
551 693 609 750 siut
627 691 782 764 deterrimi,
811 691 882 750 alios
900 695 994 750 autem
1013 710 1136 770 quorum

16 775 162 836 mediocris
191 777 236 833 est
264 770 347 850 culpa
376 771 488 850 grauius
516 771 623 851 puniet.
673 767 808 833 Nostrum
836 771 942 829 interea
968 776 1027 844 est,
1058 770 1134 849 quod

16 850 57 910 izi
85 851 113 909 τό
134 853 209 910 «orni
228 850 305 910 conti
344 849 366 908 it
384 869 442 909 uon
461 849 553 910 lucere
572 855 748 932 perpetuum.
779 848 914 910 Videmus
932 868 1009 909 nnuc
1027 851 1057 908 in
1077 869 1135 928 quo

16 928 127 1008 decepti
153 927 258 988 luerint
280 870 454 1003 Mlliteusem
482 947 585 1009 nempe
613 929 704 1009 qnod,
732 927 810 988 nulla
832 929 908 988 vitae
921 907 1027 989 'halin
1051 947 1135 1008 quae·

16 1009 122 1080 stione,
150 1005 271 1068 Paulum
299 1007 424 1068 iudicant
446 1027 508 1069 csse
532 1008 670 1068 netarium
693 1007 851 1082 homiuem,
879 1014 989 1068 tantum
1021 1015 1137 1089 propter

16 1089 128 1168 viperae
146 1105 286 1160 morsum
310 1087 409 1148 deinde
428 1087 506 1169 quod
524 1086 582 1148 lino
599 1107 657 1147 nou
677 1094 826 1169 expectato
845 1089 1011 1148 sententiam
1031 1089 1136 1168 praeci·
1188 1093 1193 1100 '
1295 1087 1303 1096 '

16 1169 114 1260 pitant.
151 1164 260 1226 lnterea
278 1168 435 1226 notandum
453 1175 510 1243 est,
539 1167 709 1228 exsecranda
728 1173 856 1228 monstra
875 1185 949 1240 esse,
979 1168 1029 1247 qui
1049 1167 1136 1225 divini

16 1246 110 1304 iudicii
128 1263 240 1306 sensnm
258 1265 295 1307 ex
314 1247 444 1308 cordibus
463 1249 521 1308 suis
541 1246 661 1308 evellere
679 1253 826 1320 munuum,
846 1247 896 1326 qui
909 1246 991 1306 nobis
1006 1243 1136 1306 omnibus

16 1323 179 1384 naturaliter
202 1325 301 1385 insitus
325 1333 421 1388 estet
445 1325 570 1387 barbaris
594 1327 680 1387 etiam
703 1325 826 1406 ferisque
844 1324 1006 1386 homiuibus
1025 1325 1135 1386 insidet.

16 1403 104 1480 Quod
128 1404 218 1464 caedis
242 1406 337 1486 potius
361 1425 447 1484 quam
471 1407 586 1466 alterius
611 1407 697 1465 cuius·
710 1406 766 1466 ium
790 1403 902 1482 sceleris
925 1425 1007 1466 rcum
1031 1405 1138 1466 faciunt

16 1483 143 1555 Paulum,
163 1483 236 1543 hauc
254 1485 392 1546 rationem
412 1491 578 1566 sequuntur,
598 1484 676 1564 quod
690 1427 878 1546 lomicidium
894 1486 1139 1566 maximesempcr
1171 1551 1175 1556 ,
1212 1497 1229 1524 “

16 1562 180 1623 detestabile
199 1563 292 1622 luerit.

100 1641 178 1700 Ultio
196 1663 257 1700 ooo
274 1649 348 1702 doit
366 1648 466 1701 otoere.
509 1641 552 1704 lm
572 1644 721 1704 ium'esse
739 1641 890 1738 colligunt,
914 1645 982 1722 quis
1000 1634 1141 1704 emersum

16 1743 50 1781 rx
71 1719 142 1778 mari
161 1718 231 1778 ultio
251 1721 436 1800 persequitur.
461 1663 616 1817 Fiupetlant
636 1728 731 1782 entem
750 1721 881 1782 ultricem
901 1719 982 1782 dcam
1000 1721 1075 1782 lovis
1095 1742 1140 1782 so·
1216 1734 1225 1753 ⁸

16 1805 51 1860 lio
73 1798 203 1872 assidere,
223 1799 268 1858 cui
287 1817 393 1862 nomeu
412 1797 498 1880 vulgo
518 1802 681 1881 impositum
700 1801 755 1860 luit
769 1800 966 1874 diups'crnssc
976 1800 1004 1858 id
1018 1799 1141 1880 quidem,
1186 1803 1191 1820 ‘

16 1887 46 1940 nt
73 1877 202 1938 homines
226 1897 315 1958 puras
338 1879 471 1958 relip’ous
495 1880 585 1960 ignari
609 1899 668 1940 oon
687 1885 783 1938 tomen
802 1879 862 1938 sine
881 1877 1020 1938 tolerabili
1038 1879 1142 1959 signifi·

16 1960 149 2032 catione,
169 1957 227 2016 acsi
251 1951 408 2039 pinxissent
425 1955 522 2018 Deum
539 1959 638 2018 mundi
657 1958 789 2019 Iudicem
829 1955 981 2020 Caeterum
999 1955 1054 2018 hae
1066 1976 1145 2026 ,voco

16 2038 186 2098 discernitur
209 2037 251 2096 ira
273 2038 397 2098 numinis
422 2057 439 2098 a
458 2037 588 2114 seduna,
617 2044 704 2118 alque
723 2039 762 2097 ita
781 2038 916 2098 asseritur
934 2036 1069 2097 indicium
1088 2035 1145 2098 Dei

16 2121 119 2178 nonna
146 2123 246 2176 coccos
270 2136 370 2176 omues
394 2135 485 2178 casus.
524 2116 718 2197 lntelolliguut
739 2117 815 2176 onim
833 2115 1009 2189 Melitenses,
1033 2117 1144 2198 conspi-

16 2215 105 2258 cuum
124 2195 252 2257 coelestis
271 2196 411 2256 vindictae
430 2197 542 2276 siguum
561 2215 637 2274 esso,
657 2197 734 2278 quod
754 2193 860 2256 Paulus
878 2197 937 2256 iam
955 2201 1084 2256 umatus
1103 2201 1145 2256 ta·
1192 2220 1196 2230 ·

16 2296 84 2338 nen
103 2275 197 2335 solvus
217 2293 279 2336 esse
298 2296 358 2337 uon
377 2281 478 2357 potest.

98 2356 125 2416 5.
155 2355 291 2415 Excusso
319 2365 429 2437 uipera.
478 2355 618 2419 Excussio
647 2357 761 2438 viperae
790 2357 902 2438 siguum
932 2361 976 2414 est
999 2354 1147 2435 compositi

17 2433 115 2495 mimi.
159 2433 272 2494 Scimus
301 2437 391 2512 enim,
421 2443 597 2517 quantopere
625 2435 769 2496 hominem
794 2434 939 2516 perturbet
963 2453 997 2494 ac
1021 2433 1147 2494 debilitet

18 2520 127 2574 nctus:
157 2532 193 2572 ue
234 2519 369 2574 stamen
392 2517 471 2576 omni
494 2522 574 2576 metu
598 2533 720 2574 vacuum
744 2513 831 2574 luisse
855 2511 976 2573 Paulum
1000 2513 1148 2592 intelliges.

18 2595 86 2654 ton
105 2593 180 2652 enim
220 2591 269 2652 des
288 2613 341 2652 uos
359 2593 452 2654 reddit
466 2595 605 2676 stupidos,
624 2592 864 2674 quemadmodum
877 2592 990 2654 fanatici
1004 2594 1033 2652 iu
1048 2593 1148 2652 umbra

19 2682 41 2734 et
72 2677 152 2730 extra
176 2671 226 2730 teli
245 2673 350 2734 iactum
368 2675 579 2755 imaginantur.¹
605 2673 664 2734 Sed
684 2692 853 2754 quanquam.
866 2672 937 2734 lidos
957 2692 1071 2734 senatun
1091 2691 1149 2732 ma·
1273 2669 1279 2679 ”

22 2769 116 2812 orum
139 2769 198 2809 uon
221 2751 451 2834 adimit,·ipsum
475 2761 570 2816 tamen
598 2760 751 2836 temperat,
771 2772 809 2813 no
827 2753 1017 2813 consternatio
1036 2751 1149 2834 longius

25 2829 140 2910 bripiat
160 2830 271 2910 piorum
291 2833 402 2892 animos
423 2851 510 2913 quam
529 2853 581 2916 par
601 2836 647 2908 sit,
669 2841 701 2893 nt
719 2833 856 2894 fiduciam
872 2853 985 2914 semper
999 2833 1154 2904 retineant,

21 2915 67 2972 iic
92 2907 214 2986 Paulus,
243 2931 332 2990 quum
356 2913 385 2972 ri
406 2931 484 2972 eram
506 2915 675 2994 intelligeret
693 2913 811 2972 noxiam
834 2931 895 2974 esso
922 2911 1054 2985 bestiam,
1083 2933 1150 2992 pro-

22 2991 153 3052 nissioue
180 2996 276 3048 tamen
300 2990 352 3049 sibi
413 2997 442 3050 ta
467 2989 555 3051 [retus
580 2990 748 3072 pestiferum
772 3009 899 3050 morsum
919 3010 1010 3070 usque
1030 2991 1067 3050 ad
1086 3009 1148 3070 per·
1226 3021 1230 3028 ·

23 3067 211 3204 urpatitoucrn
234 3086 293 3203 pon
317 3069 425 3143 timuit,
450 3075 480 3129 et
503 3071 570 3150 quia
588 3071 673 3132 etiam
692 3069 730 3130 ed
748 3075 883 3146 mortem,
907 3072 1024 3150 siopus
1042 3069 1153 3158 luisset,

25 3164 118 3209 ocrnc
131 3163 164 3203 us
188 3163 257 3203 era.

99 3226 129 3287 6.
149 3227 284 3296 Murato
298 3235 390 3288 mente
410 3228 551 3319 dicebaut,
589 3225 667 3288 Haec
691 3233 752 3288 tem
770 3225 942 3288 admirabilis
961 3233 991 3288 ct
1009 3229 1151 3308 inoperata

25 3304 170 3370 unversio
190 3302 347 3366 lticlsseuses
371 3309 446 3367 serio
465 3313 581 3386 tangere
600 3306 711 3382 debuit,
740 3313 773 3368 ut
792 3305 848 3368 Dei
867 3307 1073 3369 misericordiae
1091 3310 1152 3390 glo·

26 3393 91 3450 iam
111 3384 226 3457 darent,
249 3386 331 3444 sicuti
350 3387 429 3466 prius
448 3386 600 3448 vindictae.
640 3384 748 3447 Verum
767 3393 800 3451 ut
818 3405 967 3468 perperam
986 3405 1097 3469 semper
1115 3389 1152 3448 ad

26 3475 149 3529 xtremu
167 3464 278 3544 rapitur
296 3464 421 3526 humana
440 3467 523 3541 ratio,
541 3472 657 3547 repente
670 3464 792 3526 Paulum
807 3485 845 3526 cx
860 3465 997 3527 scelerato
1012 3467 1165 3528 homicida

27 3563 104 3608 eum
114 3543 233 3604 iaciunt:
252 3547 332 3626 atqui
342 3547 366 3606 si
376 3546 543 3606 alterutrum
552 3544 647 3605 velere
655 3565 770 3606 necesse
780 3545 843 3620 fuit,
863 3546 1151 3607 satinserathomici·

28 3645 86 3688 am
106 3621 206 3683 haberi
224 3643 311 3704 quam
331 3625 423 3684 darm.
448 3623 486 3684 Et
504 3631 581 3686 certo
599 3645 657 3686 uon
677 3625 770 3686 solum
790 3626 875 3692 unius
894 3625 1008 3686 sceleris
1027 3626 1157 3698 damnari

29 3701 570 3845 ffid⁸ittt⁸⁸·0*„f²¹¹t⁰:u⁸²dttt⁰¹
589 3706 668 3845 ⁰33⁵
687 3701 1152 3845 tlmltdtffltlltt

29 3807 108 3944 llpue
134 3803 333 3924 satisslrotullal1
352 3840 414 3924 erat
437 3804 653 3944 omnibnlsllqui
678 3805 870 3944 lpsumssiuter
888 3863 994 3924 medias
1014 3827 1153 3944 procellas⁸

31 3942 241 4006 oncionantem
260 3943 414 4004 redimant.
454 3942 529 4004 Fieri
547 3949 642 4004 tamen
660 3950 768 4025 potest,
787 3950 821 4004 ut
838 3951 937 4024 postea
955 3943 1047 4004 edocti
1066 3961 1153 4022 agno·

32 4022 116 4088 erint
136 4019 231 4080 Deum
250 4022 379 4084 miraculi
398 4030 553 4084 auctorem.
573 4021 664 4084 Porro
684 4023 825 4083 discamus
845 4043 882 4082 ex
901 4023 1090 4096 hachistorio,
1110 4041 1152 4081 so

32 4104 94 4168 rtis
115 4101 218 4163 animis
237 4105 267 4160 et
285 4103 387 4182 qnietis
405 4110 556 4184 expectare
569 4103 679 4164 felicem
695 4103 816 4164 tristium
829 4123 926 4180 rerum
941 4103 1058 4176 exitum,
1078 4121 1153 4182 quac

33 4235 36 4246 .
70 4183 215 4243 iacturam
238 4180 345 4260 gloriae
363 4181 420 4243 Dei
438 4184 517 4244 initio
537 4183 652 4254 tendere
671 4182 813 4247 videntur.
852 4179 926 4260 Quis
945 4190 1074 4242 nostrum
1093 4201 1152 4243 non
1205 4257 1208 4262 Ι

34 4261 207 4326 ahememer
235 4263 350 4325 territus
371 4262 549 4332 funerum
563 4262 745 4343 spectaculo,
775 4262 852 4342 quod
871 4263 973 4343 impios
992 4261 1028 4322 ad
1048 4281 1151 4322 vexen-

35 4359 90 4408 ιω
111 4341 291 4406 coutumeliis
310 4346 341 4403 at
358 4339 527 4408 foedandum
545 4342 656 4425 probris
674 4341 847 4487 quibusglpet
864 4341 1011 4428 Evangelii
1032 4343 1152 4424 gloriam
