2810 4850
20 921 24 936 ·
160 909 288 971 mimum
307 915 511 989 occupaverat,
540 915 575 970 nt
591 907 809 1004 nihilsperaret

86 311 89 321 ,
162 238 201 300 es
551 186 752 296 metune.
770 229 904 298 romu.

162 349 280 432 quidem
295 371 315 412 e
333 350 407 412 Phil‘
426 368 465 430 po
484 346 606 412 indicate
624 350 740 428 inerat)
763 351 902 438 offensnse
931 346 1127 490 sedmprimnm
1147 348 1288 434 decipitur

161 432 368 492 inconsiderato
387 371 670 512 lituppisnmone
695 428 769 492 Nem
789 431 868 511 quod
886 429 967 490 illes
1010 436 1038 491 te
1056 437 1220 528 putaverat,
1240 431 1291 492 hie

162 531 218 594 pro
247 519 327 574 eerto
355 510 449 571 sumit.
496 507 623 573 Accedit
635 509 736 571 deinde
785 515 981 592 rneposternm
1007 507 1144 572 indrcium
1166 529 1206 572 ex
1229 501 1291 572 loci

162 591 231 653 odio
258 591 306 653 vel
330 594 503 670 contemptu.
553 589 713 671 Unumque
738 531 886 670 diiigenter
903 587 986 650 nobis
1005 587 1215 652 observandem
1234 597 1290 651 est

161 668 270 732 Parnm
287 669 377 730 abluit
396 671 465 749 quin
483 667 531 730 hic
549 676 664 731 sendus
682 671 728 730 vir
745 688 891 732 necessum
909 669 963 730 sibi
983 668 1020 728 ad
1038 669 1186 730 Christum
1204 690 1289 752 prae·

161 751 296 811 eluderet.
317 799 320 809 .
335 747 434 828 Quare
451 747 527 809 hcet
565 747 644 828 Quia
662 747 741 831 quod
760 749 797 810 de
814 750 878 830 ipso
896 767 1048 830 perperam
1066 749 1174 810 dietum
1191 749 1309 820 inerat,

160 829 331 912 oPhilippo,
350 829 537 910 temere'ipse
555 828 653 889 eredit.
691 827 805 888 Deinde
824 830 892 968 poia
910 835 1099 970 pmffsfflss
1110 849 1129 888 o
1149 829 1207 924 ipio
1226 831 1296 890 eine

864 929 893 968 nr
911 927 929 970 a
1166 928 1201 970 rer
1271 929 1292 968 o

158 987 243 1052 uobis
262 987 365 1048 sedulo'
381 1007 527 1064 cavemus,
555 1007 616 1049 non
639 1007 744 1049 ermes
763 995 844 1048 extra
861 987 937 1050 idem
955 987 1125 1068 pericnlum.
1164 985 1204 1048 Et
1219 927 1292 1050 ἕο

159 1067 300 1130 ennodi
318 1067 471 1128 obstaculis
485 1068 611 1150 qnotidie
624 1068 742 1128 molitur
749 1064 840 1128 Satan
854 1087 908 1128 nos
922 1085 1020 1128 erecre
1033 1066 1069 1127 ab
1079 1085 1198 1128 aeeoesn
1207 1065 1292 1128 Clui-

159 1149 206 1210 ru
245 1145 374 1208 Plurima
392 1148 469 1208 enim
487 1147 634 1208 mendacio
657 1147 752 1229 spargi
771 1153 864 1210 estnte
883 1154 979 1222 curat,
1008 1165 1082 1228 queo
1100 1146 1149 1207 vel
1168 1165 1293 1208 exosum

69 1223 75 1252 ¹
158 1227 209 1288 vel
227 1233 392 1308 suspectum
410 1225 689 1308 nobisEvengelium
706 1225 829 1288 reddent
846 1246 883 1288 ne
895 1225 991 1308 ipsum
1000 1224 1291 1306 gnstamnndeomns.

158 1305 293 1382 Alterum
312 1307 398 1366 etiem
416 1306 539 1388 lapidem
558 1326 675 1367 movere
692 1325 752 1369 non
771 1307 882 1380 desinit,
901 1313 935 1366 nt
954 1305 1101 1366 Christum
1119 1305 1201 1366 nobis
1221 1325 1290 1368 con·
1395 1305 1396 1312 '

158 1385 347 1466 temptihilem
375 1386 483 1448 reddet
532 1385 670 1448 Videmus
697 1386 774 1447 enim
797 1386 884 1468 quale
906 1387 1004 1446 multis
1022 1384 1227 1446 ollerrdinnlnm
1252 1385 1292 1445 sit
1393 1441 1396 1452 ,

158 1466 252 1526 mucis
271 1464 424 1542 humilitas,
443 1485 517 1546 quae
535 1471 595 1540 tem
613 1464 645 1526 in
663 1464 779 1527 Christo
798 1466 900 1548 capite,
919 1484 1007 1546 qnam
1025 1463 1057 1526 in
1074 1465 1135 1526 eim
1153 1463 1292 1526 membris

157 1551 287 1626 apparet
326 1545 489 1619 Caeterum,
514 1545 583 1626 quis
602 1545 654 1606 vix
671 1551 732 1606 tem
751 1546 828 1606 santi
846 1564 909 1606 esse
926 1563 1090 1627 possumne,
1108 1545 1180 1624 quin
1198 1549 1291 1604 tente-

157 1643 226 1686 mur
242 1624 288 1687 his
307 1624 431 1686 Seterrae
449 1623 589 1700 artificiis,
619 1624 721 1686 saltem
742 1623 825 1686 nobis
844 1626 975 1706 protinus
1000 1630 1148 1700 enecaret,
1177 1632 1243 1684 nent
1261 1630 1292 1684 et

157 1705 232 1768 oide-
279 1703 386 1766 Passus
414 1712 460 1766 est
481 1701 640 1766 Nnthsnael
663 1703 806 1784 duplicem
835 1724 920 1764 snum
944 1722 1070 1764 neonem
1088 1700 1146 1764 hoc
1164 1700 1294 1784 Philippi

158 1783 238 1846 dicto
263 1783 375 1865 corrigi.
418 1783 461 1846 Ita
502 1786 603 1844 eeins
626 1783 760 1864 exemplo
780 1783 886 1844 dociles
904 1801 958 1844 nos
977 1783 1102 1864 primum
1120 1788 1151 1842 et
1167 1783 1290 1862 morige-

156 1863 442 2024 Roniriieriiilizmtpltiie
460 1860 1291 2024 neiidignitmgfflpffimgftffinifflaffi

157 2021 233 2083 hene
251 2025 422 2084 sententiam
440 2023 548 2104 legunt,
567 2021 751 2082 vehementer
769 2028 880 2082 errent:
910 2039 998 2100 qnam
1015 2021 1091 2080 enirn
1110 2019 1211 2100 frigide
1230 2017 1291 2080 hoe

156 2105 235 2164 esset
262 2099 391 2163 dictum?
434 2101 546 2164 Deinde
570 2101 675 2162 seimus
698 2099 801 2162 urbem
818 2099 962 2162 Namneth
983 2117 1044 2160 non
1062 2099 1149 2158 fuism
1167 2106 1240 2160 tunc
1257 2100 1291 2160 in

55 2229 61 2242 .
156 2182 251 2262 pretio
279 2180 419 2255 habitam,
448 2188 478 2242 et
496 2179 621 2262 Philippi
645 2185 822 2260 responsum
838 2179 908 2244 setis
926 2179 1053 2243 ostendit
1070 2179 1150 2242 illam
1167 2177 1289 2240 haesite-

157 2261 245 2323 tionie
264 2268 296 2323 et
314 2259 486 2322 diffidmtine
505 2259 593 2322 inisse
610 2278 721 2324 rocem.

244 2413 301 2486 47.
334 2417 444 2504 Quum
464 2416 595 2486 vidisset
615 2416 704 2492 lesnes
725 2413 951 2487 Nethnnaelem
973 2413 1014 2484 ad
1040 2437 1077 2486 se
1098 2415 1292 2498 venientem,

156 2522 231 2592 dicit
252 2523 384 2606 (inille,
405 2520 489 2590 Eece
510 2545 585 2591 vere
605 2521 758 2608 Israelita,
783 2523 817 2590 in
840 2546 905 2618 quo
927 2520 1019 2589 dolus
1040 2545 1108 2589 non
1131 2533 1189 2592 est.
1233 2515 1291 2589 48.
1395 2593 1396 2604 χ

155 2621 243 2698 Dicit
263 2627 308 2695 illi
328 2625 513 2710 Nntheneel,
534 2627 629 2696 Unde
650 2651 704 2698 me
724 2628 831 2697 nosti?
873 2627 1052 2719 Respondit
1071 2627 1172 2712 Iesus,
1193 2637 1226 2697 et
1247 2627 1293 2694 di-

154 2734 198 2803 cit
218 2732 273 2817 illi,
294 2732 482 2824 Priusquam
503 2732 669 2826 Philippus
689 2745 723 2803 te
743 2744 881 2819 voearet,
903 2755 1004 2825 φιιιιιι
1025 2755 1113 2802 esses
1135 2733 1196 2801 sub
1216 2733 1293 2816 lierr,

120 2911 124 2919 f
153 2839 282 2924 vidite.
326 2838 380 2909 49.
413 2837 589 2930 Respondit
610 2829 799 2924 Netlrnnnel,
820 2849 854 2908 et
876 2839 950 2908 dicit
969 2837 1029 2924 illi,
1049 2837 1166 2924 Rnbbi,
1193 2849 1230 2907 tu
1252 2859 1291 2906 es

153 2943 237 3014 lilius
259 2943 337 3028 Dei,
357 2953 394 3012 tu
415 2967 450 3012 es
471 2943 543 3013 Rex
563 2943 693 3014 israelis.
737 2945 794 3015 50.
827 2943 1003 3038 Respondit
1022 2942 1128 3029 lesus,
1154 2955 1187 3014 et
1208 2942 1292 3012 dixit

152 3049 207 3134 illi,
228 3048 389 3137 Quoniam
410 3049 476 3117 dixi
497 3048 562 3133 tibi,
583 3049 656 3117 Vidi
676 3061 709 3118 te
730 3049 791 3118 sub
812 3050 884 3136 lieu,
905 3050 1020 3120 credis:
1039 3048 1159 3118 meiere
1175 3047 1227 3116 his
1242 3049 1290 3116 vi-

153 3153 251 3225 debis.
294 3155 349 3223 51.
382 3154 477 3222 Tunc
497 3154 577 3224 dixit
597 3154 652 3239 illi,
672 3157 786 3240 Amen,
815 3169 909 3224 arnen
930 3157 1002 3226 dieo
1022 3152 1124 3240 vobis,
1149 3152 1289 3246 posthac

20 3313 29 3322 .
151 3260 299 3330 videbitis
333 3257 459 3330 eoelum
491 3271 651 3354 apertum,
688 3271 722 3331 et
760 3259 901 3355 angelos,
920 3261 983 3332 Dei
1015 3259 1221 3332 ascendentes
1253 3269 1290 3328 et

152 3365 380 3474 descendentes
401 3389 498 3461 super
518 3366 633 3438 Filium
654 3365 804 3438 hominis.
1286 3394 1292 3404 ·

229 3529 279 3596 47.
297 3513 376 3596 'nee
392 3553 457 3594 ecre
476 3532 627 3610 lernelttn.
667 3527 757 3611 Quod
771 3529 902 3592 Christus
916 3523 1086 3624 Nethadem
1098 3527 1205 3603 laudm,
1223 3547 1288 3591 non

149 3609 221 3674 trett
247 3613 277 3672 in
305 3612 368 3674 eine
391 3611 521 3692 matiam,
550 3611 601 3670 sed
624 3609 677 3670 snb
701 3611 762 3670 eins
782 3625 1106 3690 personaeommnnern
1124 3609 1288 3670 doctrinam

149 3691 310 3828 tutti,
334 3689 410 3830 lut
429 3709 521 3828 (Ἢ
540 3685 1151 3828 trtttttdtmmlt'tltltl’
1171 3687 1288 3828 liii}

149 3845 282 3918 discerni,
300 3865 404 3926 operae
422 3789 546 3927 getium
564 3849 617 3905 est.
646 3807 770 3906 ’Scimus
789 3787 898 3925 quiite
918 3845 1070 3924 supercilio
1089 3785 1202 3939 glpppfi
1221 3844 1286 3904 lue-

148 3921 312 3985 rintludaei
330 3925 360 3982 in
379 3932 461 4004 petre
478 3933 532 3986 sno
550 3921 709 3986 Abraham:
728 3941 816 4005 qnam
835 3922 1010 3983 confidenter
1027 3943 1139 4004 genem
1158 3923 1203 3983 sni
1218 3941 1286 3992 sun,-
1395 3925 1396 3984 ζ

148 4004 280 4064 cuntem
306 4001 482 4064 notaverint.
530 4001 643 4063 Interea
671 4003 722 4062 vix
747 4005 916 4064 centesimus
940 4002 1062 4083 quisque
1086 4001 1287 4084 reperiebatur

147 4101 208 4142 non
226 4099 344 4161 prorem
363 4081 485 4160 degener
503 4089 534 4142 ct
551 4082 659 4144 alienus
683 4099 701 4141 a
723 4079 782 4144 lide
799 4080 927 4143 Petrum.
974 4078 1053 4162 Ergo
1072 4079 1220 4156 Christus,
1248 4089 1288 4144 nt
1395 4099 1396 4106 ¹

147 4160 169 4222 h
261 4159 306 4220 'tis
322 4159 434 4220 larvam
452 4159 590 4235 detrahat
618 4159 742 4223 breviter
759 4179 861 4222 rerum
879 4158 1035 4220 Israelitnm
1055 4159 1165 4236 definit,
1193 4167 1226 4222 et
1243 4162 1286 4220 ei·

133 4255 179 4303 ἰιι
239 4237 403 4299 scandalum
431 4239 508 4300 tollit
534 4240 614 4321 qnod
635 4259 707 4303 mox
729 4240 907 4302 exoriorrnm
931 4245 993 4298 erat
1017 4257 1056 4300 ex
1079 4239 1286 4321 impingentis
1395 4257 1396 4270 ¹

148 4319 335 4380 contumacia.
376 4315 450 4378 Nam
469 4319 520 4398 qni
538 4319 646 4380 censeri
665 4318 801 4382 volebant
819 4318 871 4380 lilii
890 4315 1032 4392 Abrahae,
1051 4324 1083 4379 et
1096 4325 1212 4380 smum
1223 4317 1285 4380 Dei
1395 4383 1396 4386 Ἴ

146 4397 286 4490 i’Rl’Qr
314 4393 409 4460 Μ
426 4395 574 4480 Evangelii
595 4397 694 4464 donee
712 4397 887 4483 paulopost
905 4395 994 4459 inuri
1012 4403 1105 4459 ment
1144 4393 1223 4480 Ergo
1242 4417 1285 4460 m
1395 4417 1396 4456 1
