2804 4850
166 142 263 258 ιιι
425 283 427 287 v
526 181 902 250 ‘marmorosum
1029 217 1031 228 ,
1310 274 1314 283 Ι

168 323 229 393 ego
254 301 377 370 vadam.
420 299 457 368 Si
484 297 569 370 enim
594 321 661 367 non
687 299 808 384 abiero,
834 296 1012 368 Paracletus
1034 311 1104 368 non
1126 301 1235 373 verriet
1253 307 1296 374 sd

167 429 245 478 voss
266 407 294 474 si
316 415 422 476 autern
443 405 558 488 abiero,
581 405 702 499 mittam
724 429 799 474 eum
821 403 861 472 ad
882 425 953 473 vos.

248 517 276 580 1.
315 517 397 577 llaec
415 517 552 600 mas
568 537 636 578 m
652 517 739 576 vota.
777 512 887 576 Rursus
906 521 1124 592 commemorat,
1153 516 1227 580 nilril
1248 541 1298 584 eo

168 611 235 658 ram
252 611 327 674 qnae
346 595 418 656 dixit
436 612 642 690 supervacuum
661 614 735 658 esse:
764 614 832 656 nam
850 614 942 674 quum
960 613 1071 674 pugnae
1089 605 1120 658 et
1137 601 1300 662 ceriamirra

168 694 220 736 sos
237 681 379 748 maneant,
396 673 529 756 legitimis
546 675 632 736 armis
650 681 715 736 ante
733 681 793 736 tem
864 673 951 734 luisse
971 673 1157 738 instruendos.
1181 677 1298 744 interes

170 772 241 815 varo
259 753 411 834 significat,
434 754 460 814 si
477 752 551 814 hanc
570 753 727 814 doctrinam
745 775 773 835 p,
852 752 1019 814 meditatam
1037 753 1174 832 habeant,
1191 757 1229 818 ad
1248 780 1295 820 re-

167 832 325 894 sistendum
342 851 425 914 pares
443 831 514 894 iore.
554 831 720 908 Camarum,
743 832 821 913 quod
844 839 913 897 tunc
931 831 1079 914 Apostolis
1103 833 1189 912 dixit,
1212 838 1299 898 nobis

167 912 503 1054 :It'nmoqurlolliclullmllcmmin
510 932 728 1056 wlmmllldss
740 910 934 1069 iuirlnfflrle
945 913 1186 1054 1θὲῗὲᾙῖιὲ
1196 915 1300 1058 ifllralc

169 1071 271 1134 militia
289 1070 409 1134 deiicere
427 1072 482 1132 nisi
500 1073 628 1153 ignaviae
651 1091 720 1154 auae
744 1071 792 1132 cul
885 1012 1045 1151 liacoqvero
1074 1075 1300 1154 exspectandum

168 1157 215 1214 osi
232 1151 302 1214 dum
320 1152 350 1212 in
369 1171 430 1212 rem
448 1159 627 1233 praesentem
645 1157 762 1212 ventum
795 1151 882 1226 uerit,
902 1150 951 1212 aed
970 1153 1067 1232 potins
1086 1153 1181 1214 danda
1200 1175 1300 1235 opera,

169 1236 205 1292 ut
222 1231 372 1292 mummi
389 1229 434 1292 his
453 1229 558 1292 Christi
577 1229 753 1294 sermonibus
776 1249 810 1292 ac
833 1229 1006 1292 familiariter
1034 1231 1137 1292 imbuti
1159 1255 1300 1330 pugnam,

169 1329 262 1392 quum
281 1329 354 1391 opus
371 1311 434 1385 erit,
453 1329 640 1392 capessamus.
679 1307 706 1370 N
762 1309 873 1372 eenim
892 1309 1077 1372 dubitandum
1096 1318 1140 1372 est
1159 1333 1231 1392 ann
1251 1315 1296 1374 vi-

168 1329 1297 1553 meinaim

169 1549 287 1612 minime
305 1567 367 1610 ease
385 1549 551 1631 pericnlum,
570 1569 608 1612 no
627 1549 696 1630 quid
713 1569 767 1610 nos
786 1509 901 1610 a’reoto
915 1569 1000 1610 cursu
1014 1511 1134 1610 avertat}
1155 1549 1214 1610 Sed
1224 1551 1295 1627 irinc

168 1628 1298 1785 animaduertissem{hadamar

168 1793 300 1867 oportet,
327 1793 376 1849 tan
486 1789 548 1851 eiua
565 1807 683 1872 prorsus
706 1789 797 1870 ignari
814 1795 844 1850 et
862 1787 948 1850 rudes
966 1787 1111 1854 deliciunt
1158 1788 1210 1851 Sic
1227 1809 1298 1874 ergo

168 1885 249 1928 arma
267 1865 339 1928 haec
356 1888 395 1930 no
413 1870 438 1930 is
456 1876 596 1952 aptamus,
614 1889 652 1930 ne
670 1887 797 1949 unqnm
815 1867 940 1930 effluant

246 1950 276 2010 2.
295 1949 417 2012 Alienos
435 1972 457 2012 o
475 1955 651 2033 Synogogn.
674 1946 745 2010 Erat
762 1945 819 2010 lroc
837 1969 896 2010 non
914 1949 979 2010 leva
996 1947 1162 2011 scandalum
1180 1947 1297 2010 turban-

166 2024 212 2088 dis
230 2045 331 2088 eornm
348 2029 458 2106 animis,
477 2029 556 2110 quod
574 2036 710 2125 tanquam
727 2029 856 2090 scelerati
873 2027 1002 2090 homines
1021 2048 1060 2089 ex
1078 2030 1191 2111 piorum
1210 2037 1298 2090 coetu

166 2105 336 2188 prodigaudi
352 2115 446 2184 erant,
469 2110 570 2170 saltem
610 2131 639 2170 ur
655 2129 689 2174 ac
707 2109 847 2190 populum
864 2107 922 2170 Dei
940 2129 1004 2170 esse
1021 2109 1163 2170 iamabant
1180 2127 1215 2168 ao
1232 2108 1297 2189 glo-

167 2183 313 2248 riabantur
321 2185 463 2264 Ecclesiae
481 2189 573 2250 titulo.
630 2208 704 2268 eque
723 2189 799 2249 enim
901 2187 1082 2269 quntionilsus
1100 2194 1221 2260 tantam,
1242 2187 1297 2249 ssd

187 2263 279 2326 rolrris
298 2273 329 2327 ct
346 2267 515 2348 ignominiae
534 2267 652 2328 obnoxii
670 2275 737 2328 sunt
755 2265 795 2328 lid
821 2288 862 2345 es,
881 2267 1117 2348 quemadmodum
1136 2265 1203 2326 dicit
1216 2265 1296 2327 Pan-

179 2365 213 2406 us
232 2343 266 2424 (ῑ
278 2344 346 2417 cor„
366 2348 396 2424 l,
416 2347 485 2427 11.).
524 2346 606 2413 lubet
624 2354 720 2411 tamen
739 2347 870 2410 Christus
890 2349 977 2408 etiarn
994 2353 1091 2408 conda
1108 2345 1186 2408 lrrrrrc
1204 2345 1299 2407 inard-

168 2429 233 2486 tum
257 2423 356 2488 firmos
380 2432 470 2502 siam,
498 2428 567 2508 quia
584 2428 688 2509 privati
707 2429 859 2510 synagogis
878 2427 1061 2490 nihilominus
1078 2427 1110 2491 iu
1128 2446 1218 2507 regno
1237 2423 1302 2488 Dei

166 2512 309 2566 maneant.
358 2503 479 2566 Summa
507 2514 565 2584 est,
593 2527 652 2568 non
678 2506 780 2570 debere
803 2528 857 2569 uos
875 2507 969 2590 lrangi
987 2507 1128 2588 perversis
1146 2505 1300 2568 hominum

167 2583 291 2658 iudiciis,
316 2585 386 2666 quin
405 2585 517 2646 fortiter
534 2585 685 2650 subeamus
703 2588 794 2648 ernon
814 2585 921 2648 Christi
939 2586 1140 2668 opprobrium,
1163 2584 1221 2646 lroe
1239 2606 1300 2646 nno

166 2663 294 2726 conanti
312 2663 391 2742 quod
409 2681 496 2724 cansa
514 2674 619 2744 nostra,
660 2687 727 2728 uam
745 2667 859 2748 indigne
877 2673 907 2727 ct
1091 2665 1228 2726 damnant
1244 2665 1299 2726 lro·

155 2741 267 2816 'mines
286 2737 352 2804 Deo
370 2741 515 2824 probetur.
544 2689 720 2808 Pomlrinc
739 2747 898 2827 colligimus
933 2747 1055 2828 vangelii
1073 2745 1218 2806 ministros
1235 2765 1297 2806 non

167 2825 280 2882 bulum
302 2841 321 2882 a
339 2822 473 2918 professis
495 2823 563 2886 fidei
585 2825 723 2902 hostibus¹
738 2825 813 2888 male
836 2827 963 2900 tractari,
992 2825 1042 2884 sed
1071 2827 1158 2889 etiam
1186 2843 1300 2886 summa

74 2963 82 2984 ,
168 2898 323 2978 ignominia
342 2903 486 2963 rntcrdum
505 2903 580 2965 allici
597 2907 673 2988 apud
692 2926 742 2966 eos
762 2905 813 2986 qui
831 2905 977 2966 domestici
995 2899 1138 2970 Ecclesiae
1156 2906 1301 2978 videntur,

167 2978 228 3038 imo
248 2980 334 3040 etiam
354 2982 512 3044 columnae.
537 2984 653 3046 Scribas
671 2993 700 3046 et
718 2985 888 3060 sacerdotes,
909 2985 1037 3064 aquibus
1048 2983 1174 3044 damnali
1183 2983 1300 3045 inerunt

167 3055 312 3140 Apostoli,
332 3060 466 3158 diqinitus
486 3083 518 3124 so
537 3066 705 3160 constitutos
724 3063 937 3162 csseEcqlesiae
955 3063 1061 3160 iudices
1079 3063 1230 3160 iactabant
1254 3062 1299 3158 lit

167 3143 1299 3303 ddlttl'tfflll‘l”tlltltitttlldstillim

167 3295 297 3358 ordinem
316 3297 418 3362 allec
437 3301 599 3364 institutum
618 3311 809 3384 corruperant.
849 3301 894 3364 lta
912 3303 999 3364 liebat
1016 3310 1050 3362 ut
1068 3309 1203 3384 potestas,
1222 3321 1301 3382 quae

164 3376 197 3440 in
215 3377 440 3450 actilicaliouam
458 3381 514 3444 illis
533 3401 667 3458 conccsm
686 3383 787 3458 lucrat,
805 3381 878 3444 nihil
890 3383 969 3458 aliud
983 3389 1153 3462 cssstqnarn
1163 3384 1300 3442 immanis

164 3476 316 3522 servorum
325 3458 383 3522 Dei
402 3481 420 3520 o
440 3463 563 3542 pressio,
584 3463 851 3539 excommunicatio,
871 3483 945 3544 quae
963 3461 1103 3537 medicina
1117 3481 1176 3523 esse
1191 3460 1298 3520 debue-

163 3543 210 3598 rat
228 3557 285 3620 pur
303 3539 394 3614 andae
412 3481 565 3618 Ecclesiae,
594 3542 630 3602 ad
655 3544 790 3622 pietatem
813 3543 878 3604 inde
898 3541 1141 3604 exterminandam
1158 3559 1301 3602 conversa

163 3615 249 3678 nrm
284 3559 322 3680 ld
341 3637 431 3700 quum
455 3621 513 3680 iam
531 3635 584 3680 arro
604 3621 718 3682 sacculo
737 3624 848 3762 coprem
866 3623 973 3684 luerim
989 3621 1139 3704 Apostoli,
1167 3641 1227 3681 non
1250 3627 1303 3682 est

164 3697 245 3777 quod
263 3695 357 3760 laodic.
366 3719 422 3760 nos
438 3719 619 3782 magnopere,
630 3707 756 3766 turcani
788 3721 859 3784 apae
870 3701 1066 3778 anathemata,
1086 3701 1188 3782 quibus
1202 3702 1301 3762 innoc

163 3783 284 3858 propter
302 3775 449 3865 Evangelii
467 3780 660 3842 testimonium
678 3780 817 3844 fulminat
852 3776 953 3862 Neque
971 3783 1048 3842 enim
1066 3781 1225 3842 timendum
1244 3788 1301 3856 cat,

163 3873 203 3915 uc
221 3853 287 3934 plus
305 3855 387 3917 nobis
407 3864 529 3918 noceant
547 3859 634 3937 qua'm
654 3867 751 3920 vetera
770 3861 817 3920 illa
836 3859 994 3940 Apostolis.
1033 3859 1097 3922 lmo
1116 3859 1189 3921 nihil
1207 3862 1301 3942 magia
1378 3863 1379 3867 ’

164 3931 333 4012 oplandum,
349 3953 438 4015 qnam
456 3944 494 3997 ut
507 3937 591 3996 aliem
610 3939 701 3999 simus
717 3939 754 4000 ab
770 3959 805 4000 co
818 3947 951 4014 costum
987 3959 1026 4000 no
1036 3939 1302 4001 Christusexsulat.

163 4007 506 4084 hiaeanotamuatam
524 4031 621 4090 crasso
640 4019 940 4094 excommnuicationis
996 4039 1051 4081 usn
1069 4041 1129 4082 non
1147 4020 1237 4082 fuisse
1256 4027 1302 4082 tar

162 4107 233 4152 mn
250 4089 370 4168 iactum,
390 4099 424 4154 nt
441 4094 546 4156 abolita
564 4095 650 4158 fucrit
669 4097 824 4194 disciplina,
843 4118 932 4180 quarn
951 4097 987 4160 ab
1006 4100 1087 4161 initio
1103 4099 1185 4162 Dens
1204 4099 1303 4162 inne

162 4167 251 4232 clasis
269 4189 323 4231 sna
341 4177 488 4236 mrumst
505 4185 508 4192 ⁴
526 4171 602 4238 llam
621 4195 712 4258 quum
730 4197 761 4238 rn
778 4176 836 4239 hoc
853 4185 932 4240 totus
957 4177 1116 4256 discisa,
1144 4186 1180 4240 ut
1203 4183 1304 4242 omnia
1377 4175 1378 4233 l

158 4243 221 4311 nst
239 4249 370 4312 instituta
380 4252 546 4348 adulteret,
563 4257 680 4319 minime
698 4257 741 4317 illi
759 4255 915 4320 cdmdunr
933 4264 993 4335 est,
1010 4266 1046 4320 nl
1063 4265 1183 4355 proptor·
1200 4279 1303 4322 comu-
1376 4349 1377 4352 Ἴ

160 4327 256 4410 ptslm
275 4330 408 4426 smedro
428 4331 546 4394 tollatur
564 4335 644 4418 qnod
656 4333 739 4398 Dens
757 4357 788 4398 m
806 4345 977 4421 perpetuum
995 4346 1122 4412 sannpt
1150 4336 1231 4422 Ergo
1251 4360 1304 4402 ex-

160 4415 386 4474 communrcatro
406 4429 467 4475 non
485 4413 580 4476 minus
599 4433 687 4496 quam
700 4415 863 4501 Baptismus
876 4426 906 4482 et
919 4417 1018 4484 Coena
1032 4407 1153 4482 Domini
1165 4423 1305 4484 corrodis
