2700 4844
166 191 227 260 aad
557 189 598 250 [Ν
617 189 722 252 ACTA
741 187 879 252 APOST.

166 310 301 392 oeperunt
328 305 438 376 ludaei,
467 305 547 386 quod
574 309 672 388 gentes
700 305 751 368 silai
781 306 900 386 aequari
930 304 1053 384 indigne
1080 303 1209 364 imunt.
1259 305 1318 366 Etsi

167 388 264 452 aulem
287 389 350 449 uelo
373 389 403 448 id
427 388 521 448 lacere
544 387 726 460 simulabunt,
756 407 793 446 oe
812 385 931 460 foedus,
952 384 1038 465 quod
1063 383 1149 446 Deus
1171 386 1317 467 pepigerat

168 489 235 532 curm
254 470 374 552 posteris
393 467 539 540 Abrahae,
558 467 594 526 ad
613 473 725 527 exteros
743 467 916 526 translatum
936 464 1156 546 profanaretur,
1179 487 1265 526 mm
1283 475 1318 524 ta

169 569 237 612 mon
261 567 311 610 eos
334 548 436 629 agebat
455 547 584 618 ambitio,
610 548 688 627 quod
706 548 760 606 soli
779 547 920 618 eminere,
947 545 1087 605 omnibus
1108 546 1175 604 aliis
1196 547 1231 606 in
1253 547 1319 604 crdi-

169 651 236 692 nem
261 629 381 705 coactis,
409 627 524 688 vellent.
565 627 716 688 Caeterum
740 629 770 686 iu
796 627 881 686 unius
902 625 1030 685 hominis
1050 645 1183 706 pensem
1204 627 1243 684 ad
1261 625 1318 685 effi

171 713 246 772 oium
276 710 436 769 animantur
460 726 559 768 omues
584 707 624 788 pii
653 707 797 780 doctores,
826 725 865 766 ne
893 706 973 786 ipsos
998 705 1144 786 irnpediat
1171 705 1317 765 homiuum

128 807 133 822 '
172 790 295 862 malitia,
329 789 482 870 quominus
513 786 570 848 Ilei
604 789 720 868 gratiam
749 787 860 846 miseris
879 785 1041 865 quamlbet
1069 785 1203 868 indiguis
1222 787 1318 845 olle-re

240 875 298 928 ant.
359 899 363 912 ·

170 889 240 953 We
250 951 299 1012 18.
324 951 364 1010 Ul
384 956 502 1044 aperius
520 949 621 1010 oculos
638 969 746 1006 eorem.
785 941 908 1004 Videtur
926 943 1052 1018 Paulus,
1073 944 1157 1024 qnod
1176 943 1237 1004 Du‘
1256 966 1315 1024 pro

194 1030 268 1090 rium
288 1035 332 1090 est
352 1028 405 1088 siln
424 1047 568 1108 arrogans,
589 1027 707 1086 nimium
727 1045 757 1084 se
775 1025 885 1084 elicere.
925 1024 1043 1083 Scimus
1058 1027 1147 1096 enim,
1167 1027 1316 1086 nononis

172 1051 284 1190 §piritu
304 1115 403 1168 sancto
423 1107 575 1167 illuminari
595 1107 696 1166 mentis
716 1105 823 1164 oculos.
863 1103 1002 1176 Scimus,
1024 1103 1178 1164 Christum
1198 1107 1314 1166 mmm

172 1209 234 1250 esse
253 1188 440 1261 liberatorem,
460 1188 509 1266 qui
528 1205 582 1246 nos
601 1205 618 1245 a
637 1183 761 1244 &tanae
780 1183 931 1262 tyrannide
951 1185 1050 1264 eripit
1085 1183 1203 1244 Scimus
1224 1205 1312 1244 unum

164 1287 236 1328 ⁴esse
254 1266 365 1341 Deum,
395 1269 443 1346 qui
467 1266 579 1325 abolitis
604 1267 728 1345 peccatis
747 1266 903 1324 insontem
922 1273 1084 1324 sanderum
1103 1283 1161 1322 nos
1183 1269 1314 1346 cooptat.

89 1358 92 1366 ’
174 1345 234 1408 S'ed
259 1349 394 1406 usitatum
417 1351 473 1416 est,
499 1351 532 1403 ut
551 1343 630 1403 Deus
654 1343 794 1404 honorem
818 1343 870 1403 siti
890 1345 944 1403 uni
963 1343 1079 1402 debitum
1099 1343 1139 1401 ad
1157 1345 1315 1402 ministros

174 1426 339 1496 transierat,
364 1443 423 1483 uon
447 1431 479 1481 ut
498 1424 652 1504 quicquam
672 1424 726 1484 sibi
746 1425 877 1504 deroget,
902 1423 954 1484 sed
972 1429 1005 1484 ut
1022 1423 1195 1482 simmaea
1214 1441 1310 1502 quam

173 1507 203 1564 iu
228 1505 297 1584 ipsis
321 1503 425 1562 exserit
444 1501 567 1582 Spiritus
593 1505 640 1562 aui
664 1504 832 1564 efficaciam:
862 1523 958 1583 neque
981 1504 1054 1562 enim
1075 1503 1150 1582 ipsos
1170 1502 1207 1560 ad
1227 1521 1310 1582 opus

83 1615 94 1644 t
173 1585 273 1658 mittit,
297 1589 330 1641 ut
349 1587 462 1642 mortua
482 1583 539 1642 sint
558 1601 664 1662 organa
684 1585 732 1643 vel
751 1585 832 1666 quasi
852 1583 967 1643 fabulae
985 1590 1105 1654 actores,
1130 1581 1184 1641 sed
1201 1588 1238 1640 ut
1254 1602 1308 1662 po-

122 1661 127 1668 ’
174 1667 266 1722 tenter
290 1668 425 1742 operetur
454 1680 506 1742 per
530 1663 659 1744 ipsorum
688 1683 814 1724 manum.
861 1664 1014 1724 Caeterum
1039 1662 1117 1741 quod
1140 1661 1247 1722 efficax
1270 1670 1313 1722 eet

175 1755 275 1804 eorum
321 1741 486 1814 medicatio,
516 1743 553 1802 ab
576 1761 677 1802 arcana
701 1746 761 1804 cius
786 1745 894 1802 virtute
912 1743 1032 1823 pendet,
1062 1745 1113 1821 qui
1138 1744 1198 1821 agit
1217 1745 1313 1802 omnio

174 1823 300 1882 inomni
341 1828 404 1882 set
423 1823 500 1882 solus
520 1823 570 1882 dat
588 1825 800 1884 incrementum.
830 1823 984 1883 ltlittuutur
1003 1841 1073 1901 ergo
1093 1822 1237 1894 detraes,
1257 1843 1314 1882 non

175 1904 226 1984 qui
249 1903 352 1962 lrrsstra
377 1901 465 1962 verba
488 1901 517 1962 in
543 1909 638 1964 aerem
657 1911 805 1984 spargant,
834 1903 882 1962 vel
902 1903 952 1982 qui
971 1921 1056 1962 aures
1076 1903 1220 1962 dmtmt
1238 1905 1312 1961 mani

176 1983 274 2042 sonitu
298 1983 414 2055 feriant,
445 1981 493 2040 sed
519 1984 569 2062 qui
595 1983 735 2042 vivificam
760 1983 853 2042 lucem
878 1983 969 2042 coecis
990 1983 1128 2056 afferant,
1158 1983 1313 2042 reforment

175 2061 206 2120 in
226 2059 282 2120 Dei
310 2063 447 2121 iustitiam
475 2060 623 2122 hominum
653 2064 752 2135 corda,
781 2070 811 2122 et
840 2069 931 2122 ratam
956 2061 1076 2135 ladani,
1105 2081 1184 2140 quae
1210 2061 1311 2121 Christi

176 2147 269 2200 morte
293 2148 375 2220 parta
399 2147 459 2218 est,
490 2143 588 2201 solutis
614 2143 740 2223 gratiam
780 2141 838 2202 Sed
859 2143 960 2201 lterum
980 2141 1053 2200 nihil
1072 2149 1242 2222 praestant,
1264 2143 1311 2201 nisi

177 2226 317 2299 qnatenus
341 2240 393 2300 per
418 2222 495 2301 ipsos
515 2221 596 2282 Deus
621 2229 767 2304 operatur,
790 2231 834 2280 ‘ne
853 2222 959 2281 inutilis
977 2223 1014 2280 sit
1032 2239 1138 2280 eorum
1160 2221 1256 2281 labor:
1283 2229 1311 2278 ut

94 2304 99 2317 ¹
136 2325 141 2332 ”
175 2307 236 2358 tota
262 2299 324 2358 laus
350 2319 435 2379 penes
459 2302 554 2380 ipsum
579 2304 670 2362 solum
690 2303 823 2376 resideat,
854 2303 936 2362 sicuti
955 2299 992 2359 ab
1011 2320 1048 2359 eo
1068 2309 1172 2360 manat
1190 2303 1309 2360 effectae

176 2377 213 2438 lta
232 2378 297 2438 ideo
318 2380 473 2438 notandum
493 2390 545 2454 est,
565 2385 676 2461 ‹proties
686 2382 832 2462 Scriptura
847 2389 908 2442 tam
922 2379 1081 2440 honor-ilinc
1095 2387 1250 2441 externum
1264 2383 1309 2439 rai·

175 2459 323 2518 misterium
349 2460 474 2532 extollit,
503 2481 561 2520 non
586 2481 647 2522 esse
671 2462 857 2542 separandum
877 2481 894 2520 a
914 2461 1039 2540 Spiritu,
1071 2463 1121 2541 qui
1143 2463 1237 2542 ipsum
1256 2483 1307 2520 uer

175 2537 258 2596 aliter
277 2557 364 2616 quam
384 2539 476 2598 ani-ma
495 2559 607 2620 corpus*
619 2543 753 2601 vivificat.
783 2541 856 2600 Nam
876 2542 938 2600 aliis
957 2540 1028 2599 loeis
1049 2541 1146 2613 decet,
1167 2561 1254 2620 qaam
1273 2544 1307 2599 ni·

175 2617 287 2698 lrilper
306 2636 337 2674 ae
357 2617 491 2678 coralemt.
522 2619 534 2678 l
555 2641 650 2680 sorum
672 2625 746 2680 enirn
767 2628 811 2680 cst
830 2621 1010 2702 plantare-et
1027 2622 1138 2700 rigare,
1157 2623 1305 2681 ineremoe

166 2703 237 2754 tum
256 2713 326 2754 vcro
350 2695 418 2756 dore
437 2643 598 2758 sotinsilet.
619 2701 775 2759 Caeterum
796 2703 862 2781 quia
881 2701 1026 2780 plerisque
1047 2703 1143 2760 obstat
1163 2719 1216 2760 sua
1235 2703 1305 2780 ipo»

174 2775 281 2843 raetia,
309 2793 344 2831 nc
369 2775 494 2834 fructum
514 2779 626 2854 qualern
648 2780 764 2838 decubat
782 2801 819 2839 ex
829 2777 985 2860 Evangelio
1001 2782 1165 2862 percipiant,
1184 2781 1304 2840 manda

174 2857 217 2908 ⁰⁸l
232 2850 307 2910 '1¹³0ss
327 2852 491 2932 descriptio,
512 2875 585 2933 quae
604 2857 727 2918 breviter
747 2866 776 2918 et
795 2861 938 2920 luculente
957 2859 1204 2941 incomparabilem
1222 2862 1301 2918 illum

173 2929 339 2990 thesaurum
359 2939 423 2990 ante
443 2935 541 2994 oculos
561 2938 693 3018 explicat.
738 2937 792 2998 llic
811 2959 878 3020 ergo
899 2957 1005 3020 scopus
1026 2949 1072 2999 est
1086 2937 1243 3019 Evangelii.
1268 2949 1299 2998 ut

174 3009 283 3069 liberati
304 3029 321 3070 a
341 3013 477 3072 coer-itate
496 3017 931 3078 nrrntisliamuscoelestislucie
950 3020 1112 3100 participem,
1129 3027 1161 3078 ut
1178 3022 1268 3100 erepti
1287 3041 1305 3078 a

175 3089 299 3149 Satanae
312 3091 446 3153 *dominio
466 3105 665 3158 convertamur
684 3101 720 3157 ad
741 3097 849 3172 Deum,
870 3105 903 3160 ut
921 3099 1046 3180 gratuita
1067 3106 1249 3180 peceatum
1266 3121 1305 3160 re·

175 3171 308 3229 missione
329 3171 425 3232 donati
445 3181 550 3234 sortem
569 3183 701 3238 aeternae
724 3179 903 3238 haereditatis
923 3197 1139 3258 consequamur
1156 3182 1233 3238 inter
1251 3201 1307 3238 sae

175 3258 246 3308 ctos.
293 3250 358 3310 lluc
382 3251 493 3311 dclixos
517 3255 620 3316 habere
645 3277 743 3317 sensus
768 3265 896 3338 oportet,
920 3262 1088 3338 quicunqne
1108 3262 1137 3319 in
1157 3258 1307 3338 Evangelio

174 3331 228 3388 rlte
254 3330 392 3408 proficere
417 3335 552 3412 cupiunt:
583 3337 651 3414 quid
675 3341 751 3397 enim
770 3339 852 3397 nobis
872 3339 998 3418 proderit
1017 3339 1133 3398 assirim
1153 3343 1216 3400 eius
1237 3361 1308 3420 prat·

173 3409 287 3484 dicatio,
307 3412 387 3470 cuius
411 3431 510 3472 verum
535 3433 619 3475 usum
643 3435 702 3477 non
721 3418 904 3478 tenebimus?
934 3421 980 3478 Ac
999 3420 1085 3478 simul
1107 3421 1195 3479 uoltis
1216 3422 1306 3480 dmi·
1340 3401 1341 3481 i

174 3487 251 3547 bitur
281 3489 406 3568 perlecto
436 3492 534 3560 salutis
563 3502 678 3554 nomae
706 3499 788 3556 ratio.
838 3497 969 3557 Salutem
998 3517 1030 3556 se
1055 3506 1200 3580 oppetere
1219 3521 1307 3560 onmes
1339 3523 1340 3530 ¹

173 3568 303 3638 iactant,¹
322 3570 405 3648 pauci
431 3579 526 3631 aulem
551 3575 712 3648 attendunt,
743 3578 887 3656 quomodo
915 3595 967 3636 eos
990 3597 1108 3638 serrare
1128 3581 1204 3640 velit
1225 3582 1307 3641 na:

172 3661 241 3726 ergo
267 3649 347 3709 loeus
372 3649 432 3721 iric,
457 3653 505 3728 qui
527 3655 643 3714 modurn
664 3659 732 3716 scite
753 3657 966 3737 corraplcctitur,
991 3660 1082 3716 instar
1102 3659 1199 3720 clavis
1219 3671 1260 3721 est
1276 3661 1306 3718 ad

172 3726 351 3786 reseraradam
376 3731 521 3789 coelerum
547 3734 667 3794 annam.
713 3733 862 3796 Praeterea
888 3737 1037 3795 selendum
1061 3745 1123 3810 est,
1152 3739 1202 3800 his
1226 3742 1306 3801 tonis

172 3827 246 3886 quae
266 3805 397 3865 tllrrislne
424 3827 475 3888 per
494 3809 641 3892 Evangelii
665 3814 709 3874 sni
734 3815 820 3875 fidem
844 3817 980 3895 consequi
1010 3837 1064 3876 noe
1096 3824 1238 3894 testatur,
1267 3841 1308 3879 na·

172 3888 300 3946 tonaliter
324 3889 429 3966 privari
458 3895 551 3950 totum
569 3908 664 3971 *gemas
690 3893 854 3954 humanum.
894 3895 936 3954 lta
957 3898 1101 3974 sequitur,
1128 3914 1234 3962 omnes
1255 3921 1309 3958 eser

171 3985 287 4040 coecos,
311 3968 378 4045 quia
398 3965 454 4026 fide
472 3969 680 4032 illuminantur:
710 3991 810 4035 onmes
829 3973 952 4034 Satanae
971 3993 1033 4035 ease
1053 3980 1220 4058 mancipia,
1252 3985 1307 4060 qus

170 4063 221 4120 per
249 4045 335 4105 tidem
364 4055 527 4108 assectantur
557 4069 594 4110 ea
624 4054 683 4112 eiius
707 4056 875 4134 tyrannide:
904 4071 1004 4113 omnes
1027 4053 1095 4116 Deo
1127 4057 1303 4120 inmersi

169 4127 299 4209 actcnrac
329 4127 415 4184 morti
443 4127 598 4204 obnoxios,
626 4135 692 4213 quia
722 4134 780 4194 lide
799 4136 1001 4194 'munissionem
1025 4143 1220 4215 peccatorum
1246 4141 1305 4198 ani-

168 4206 259 4271 prnnt.
299 4201 341 4258 lm
365 4204 435 4264 nilril
454 4215 534 4267 entra
555 4209 703 4271 Christum
721 4220 752 4272 et
770 4215 832 4274 eius
850 4213 936 4274 iidem
957 4213 1038 4274 nobis
1057 4218 1213 4277 mneritas:
1241 4219 1308 4278 aa&

166 4271 255 4330 elim
281 4275 416 4354 apparet,
447 4303 533 4363 mam
560 4291 630 4350 rdlril
655 4291 749 4353 litero
771 4293 886 4354 arbitrio
910 4299 939 4353 et
965 4293 1097 4354 lmaanis
1121 4301 1242 4362 meritis
1266 4301 1307 4356 aa
