2786 4870
185 253 227 332 ιι
504 159 693 290 betisste
714 223 992 288 DEDlCA'fOth

173 381 295 430 ‘meum
316 354 525 451 prosequaris.
574 355 639 424 Sed
665 357 783 426 omisso
805 336 891 424 nune
912 355 1046 446 prinae
1068 357 1310 428 benevdentiaa

188 475 331 558 respectu
352 465 386 532 in
407 461 505 532 altero
526 461 728 532 immorabor:
756 461 834 530 adde
862 461 950 552 qnod
970 483 1149 531 samonem
1173 487 1251 532 eum
1274 464 1310 530 sl

188 582 256 640 tero
283 570 369 662 prius
402 568 543 636 habitum
568 567 636 636 iure
662 563 782 658 optimo
808 566 848 634 ad
865 567 924 635 de
957 569 1193 636 accommodare
1229 570 1311 638 licet.

189 675 301 768 Neque
322 697 404 743 vero
419 672 591 766 praeclaras
612 673 751 756 vidales,
773 673 887 794 quibam
908 694 1032 739 summa
1046 671 1118 740 'fibi
1137 677 1315 744 meraritas

189 793 222 852 et
242 779 404 874 singularis
424 779 519 873 gratia
541 778 633 870 apud
652 777 884 846 serenimirnum
911 773 1062 844 Polorrfae
1088 802 1192 870 regern
1220 791 1314 900 parta

190 897 247 970 est,
269 885 421 982 celebr-me
443 884 597 956 hocloco
620 882 816 974 propositum
838 893 900 950 este
912 882 1025 986 magis
1046 881 1174 950 inclinat
1188 885 1315 992 ardenna

185 993 232 1060 ad
253 967 518 1072 exhortationem,
539 989 627 1058 errius
649 987 711 1056 hirc
732 987 885 1078 spectlbit
901 1002 1043 1070 summa,
1066 995 1105 1054 ιιι
1127 1009 1190 1078 qua
1211 963 1315 1056 aiecii

192 1107 256 1164 late
278 1095 366 1164 initia
386 1095 600 1188 ampiexus
572 1117 611 1164 es
629 1087 744 1186 puram
749 1091 908 1184 Evangelii
926 1091 1111 1176 doctrinam,
1128 1104 1315 1184 quamsine-

192 1225 256 1269 nua
278 1201 372 1268 anirni
392 1181 603 1292 magnitudine
615 1199 774 1267 haetenus
801 1219 910 1264 verum
938 1196 1018 1264 Dei
1026 1197 1148 1264 mltum
1174 1221 1314 1267 asserere

194 1316 324 1375 conatus
347 1329 399 1389 es,
426 1307 536 1374 eadem
563 1305 602 1374 ad
624 1315 803 1402 extremum
821 1325 928 1408 usqrre
946 1303 1116 1370 constantia
1136 1304 1225 1371 bunc
1246 1329 1315 1372 car

194 1435 265 1480 sum
297 1411 504 1502 prosequaris.
558 1393 656 1478 florae
683 1387 810 1500 quidem
836 1390 957 1475 ⁴virtutis
973 1388 1055 1492 init,
1082 1431 1183 1498 quum
1210 1409 1312 1477 scires

195 1516 279 1608 apud
299 1515 416 1584 multos
436 1516 513 1584 nibil
540 1517 637 1608 magia
659 1524 729 1584 este
741 1531 886 1582 eroum
904 1515 1037 1605 ingenua
1056 1513 1254 1603 professione
1277 1515 1313 1580 li·

194 1622 333 1712 bcroque
355 1621 458 1690 studio
479 1621 616 1712 pietatis,
636 1621 730 1688 simul
751 1631 865 1688 taruen-
877 1643 914 1687 ac
936 1617 1006 1686 Γ11111
1027 1617 1129 1685 illuxit
1147 1618 1313 1709 Evangelii

133 1799 137 1807 ,
178 1725 310 1812 ,chorri
330 1727 451 1810 veritas,
472 1750 590 1795 nomen
611 1727 713 1796 dando
734 1749 800 1794 uon
821 1724 966 1793 donasti
987 1723 1138 1790 illorum
1130 1747 1164 1790 m
1174 1723 1224 1792 Te
1241 1725 1311 1791 odia

194 1855 374 1922 provocare.
428 1831 495 1900 Nec
519 1855 629 1923 pamm
656 1831 755 1900 landis
781 1832 955 1912 merentur,
988 1851 1070 1918 quae
1096 1829 1241 1898 fovendis
1261 1854 1312 1906 ιιι,

184 1937 368 2036 Ιει11111111ῐυι
387 1935 543 2006 Ecclesiae
563 1934 739 2028 primordiis
760 1921 861 2006 officia
882 1933 1062 2024 bnpeudme
1089 1955 1157 2002 non
1184 1935 1311 2016 desiisti,

194 2041 267 2110 ticet
286 2041 418 2133 possim
424 2042 553 2112 minime
574 2041 742 2134 plausibilis
763 2042 846 2133 apud
866 2038 1037 2108 nonnullos
1054 2062 1215 2130 proceres·
1212 2035 1313 2130 pluri
1381 2031 1382 2088 Ϊ

194 2169 285 2214 rnum
310 2147 443 2216 invidiae
470 2147 541 2215 'libi
567 2147 644 2216 boec
670 2145 828 2214 sedulitas
842 2146 998 2214 conduct.
1053 2144 1116 2212 Sed
1141 2144 1216 2234 quia
1243 2167 1313 2212 non
1381 2195 1382 2202 ,

44 2253 50 2273 ‘
195 2253 300 2320 minus
322 2253 436 2322 arduae
457 2252 649 2320 difficultates
671 2252 742 2320 'libi
768 2261 898 2332 restant,
927 2250 1065 2318 enimam
1083 2249 1124 2318 ad
1144 2272 1195 2318 eas
1217 2271 1313 2340 supa·

195 2353 317 2440 modas,
338 2355 439 2426 donec
458 2368 637 2425 extremum
658 2367 761 2426 actum
782 2355 998 2447 compleveris,
1019 2355 1147 2423 subinde
1163 2354 1313 2448 colligere

196 2463 465 2552 operaepretium
486 2472 546 2545 cst,
568 2471 600 2530 et
619 2487 659 2530 eo
682 2463 810 2554 quidem
825 2461 991 2544 attentius,
1013 2461 1100 2552 quod
1118 2460 1210 2528 rurdti
1230 2459 1315 2551 prin

196 2566 292 2656 cipes,
314 2587 413 2654 quum
433 2567 558 2634 videant
578 2567 669 2636 foede
690 2577 871 2660 corruptum
892 2565 1050 2634 Ecclesiae
1069 2575 1194 2648 ιιιιιιιιι,
1215 2588 1314 2634 ιιιιιι-

196 2670 246 2736 dia
267 2677 372 2736 tamen
392 2669 477 2736 nulla
497 2682 615 2740 tentare
637 2673 769 2758 audent,
802 2673 874 2762 quia
901 2673 941 2738 in·
961 2671 1051 2738 malis
1071 2693 1115 2738 est
1135 2673 1258 2738 vetarsta
1281 2681 1314 2738 et

196 2771 359 2861 tranquilla
378 2775 576 2863 possessione
597 2777 747 2866 pellendis
769 2778 856 2867 quod
875 2787 1022 2844 metuunt
1043 2797 1084 2844 err
1106 2776 1313 2868 novihlepe·

196 2875 329 2944 siculum
350 2879 466 2945 eos·ab
489 2880 591 2948 offieio
613 2881 744 2950 retardat
765 2893 797 2948 ct
817 2880 955 2972 impedit.
1004 2881 1066 2949 Alii
1088 2880 1258 2948 abstuduur
1280 2891 1314 2949 et

196 2979 329 3048 stallum
350 3005 419 3051 esse
441 2985 630 3069 existimant,
649 2987 778 3054 morbos
799 2987 985 3055 insanabiles
1006 2987 1170 3079 attingeres
1189 2985 1240 3054 alii
1261 3009 1312 3054 ne

196 3083 262 3154 scio
290 3109 352 3177 qua
369 3090 526 3179 ·pravilate
553 3114 680 3159 omnem
706 3095 941 3160 correctionem·
957 3092 1114 3183 refugiunt
1141 3102 1175 3159 et
1201 3091 1314 3159 exhor·

196 3201 276 3260 rent.
298 3191 416 3260 Verum
437 3193 476 3261 de
498 3196 673 3277 obsidendis,
694 3219 775 3288 quae
791 3195 840 3264 'l'e
860 3199 1067 3278 circumstant,
1086 3197 1173 3288 apud
1188 3196 1247 3278 Te,
1261 3197 1312 3264 eui
1380 3275 1381 3278 Ἴ

193 3295 269 3388 plus
289 3297 364 3364 satia
383 3301 506 3388 cognita
527 3313 614 3385 sunt,
636 3301 784 3370 disserere
806 3323 1070 3392 supervacaneum
1096 3301 1192 3370 forata
1219 3323 1312 3390 quos
1380 3325 1381 3392 t

196 3423 329 3494 cunque·
342 3411 446 3472 tamen
468 3404 600 3474 insultus
630 3405 701 3472 'fibi
727 3407 845 3497 ingerat
871 3405 981 3489 Satan,
1012 3417 1047 3474 et
1072 3405 1311 3495 qmbusmrrqrre
1380 3395 1381 3426 ³

197 3505 245 3574 'fe
267 3507 378 3599 pugnis
399 3531 438 3575 ae
464 3511 679 3578 certaminibus
705 3523 861 3592 ιιιιιιιιι,
892 3511 980 3579 nefas
1006 3521 1055 3578 est
1079 3509 1112 3577 in
1137 3511 1197 3577 hac
1224 3533 1313 3580 sam
1380 3503 1381 3530 l

155 3653 156 3656 =
196 3610 319 3693 militia,
353 3635 452 3701 quarn·
470 3615 528 3681 snb
550 3613 665 3682 Christi
685 3616 801 3684 vexillo
822 3615 982 3706 professus
1004 3639 1054 3700 es,
1085 3637 1227 3706 unquam
1249 3615 1313 3682 frti

195 3715 269 3808 gari.
296 3714 394 3784 Pano
415 3717 586 3808 quamlibet
607 3720 650 3786 sis
668 3743 727 3810 per
736 3721 786 3787 Te
807 3719 1008 3798 voluntarius,
1024 3720 1147 3788 felicem
1162 3721 1311 3812 propensi

165 3833 169 3840 '
197 3820 291 3888 studii
311 3841 444 3888 cursum>
458 3823 595 3890 subsidio
615 3823 688 3909 >hoc
711 3827 797 3916 quod
817 3824 889 3891 'ribi
909 3845 967 3914 per
987 3843 1117 3892 manum
1131 3849 1239 3894 meam
1249 3825 1311 3892 Do

151 3973 155 3980 .
196 3925 300 3991 minua
322 3925 419 4011 offert,
440 3928 538 3994 iuvari
558 3949 596 3994 ac
614 3928 756 4018 provehi,
777 3952 880 4020 neque
900 3940 1065 4019 proveant
1082 3953 1186 4021 spero,
1208 3953 1311 4019 neque

195 4027 304 4096 inutile
324 4029 396 4098 'fibi
416 4032 482 4100 erit.
537 4031 669 4117 Quoties
699 4055 825 4101 sursum
851 4057 890 4102 ac
915 4033 1064 4102 deorsum
1090 4035 1178 4104 volvi
1205 4057 1257 4103 rea
1277 4035 1314 4100 111

195 4132 316 4200 mundo
337 4133 494 4220 videntur,
515 4137 598 4204 nulla
618 4137 805 4222 stabiliendis
815 4138 1023 4208 -corrsdcnriis
1044 4140 1146 4230 aptior
1165 4152 1222 4208 ιιιι
1241 4139 1313 4208 soli

189 4235 265 4306 dior
285 4236 399 4304 fultura
420 4241 550 4310 inveniri
570 4251 684 4332 potera,
703 4267 799 4333 quam
819 4243 874 4310 ubi
900 4243 1016 4316 Christi
1043 4267 1190 4336 regnum,
1218 4245 1313 4336 qnsle

194 4361 281 4412 nuuc
302 4339 450 4424 cernitur,
471 4355 542 4414 ante
564 4347 674 4452 oculos
693 4349 785 4418 nobis
805 4361 970 4450 ponentes,
992 4373 1147 4442 quaenam
1163 4351 1204 4418 ab
1220 4349 1312 4418 initio
