2838 4848
593 229 642 295 Ca
671 230 721 295 UT
1236 251 1242 266 ·
1400 234 1401 286 t

118 345 222 418 vultis
241 342 346 421 abire?
392 341 449 413 68.
472 229 809 436 Responditpergoviill
830 344 945 416 Simon
960 344 1080 432 Petrus,
1100 245 1256 440 Durniiid,3
1400 303 1401 352 1

117 457 162 524 ad
182 477 275 545 quun
297 447 523 517 discedemus?
543 448 638 518 verba
660 449 742 519 vitae
764 461 908 521 aeternae
924 451 1029 524 habes.
1061 453 1115 526 69.
1131 453 1174 529 Et
1190 479 1252 526 nos

120 557 307 629 credidimus
329 565 365 626 et
386 554 607 647 cognovimus,
635 557 780 648 quadiu
802 581 837 628 es
858 555 1004 626 Christus
1024 554 1105 628 lilius
1125 559 1187 631 Dei
1207 563 1251 632 vi

115 665 227 736 reads
274 663 333 735 70.
363 659 542 754 Respondit
570 661 616 730 eis
638 661 741 748 lesus,
773 660 890 736 Nonne
917 686 977 756 ego
1002 685 1063 736 vos
1084 665 1249 738 duodecim

89 762 204 864 'elegi
228 779 264 841 et
284 787 372 836 unus
393 790 431 836 ex
453 765 547 835 vobis
569 765 711 838 diabolus
733 769 803 839 est?
846 769 899 842 71.
927 767 1059 838 Dicebat
1079 781 1185 842 anoem
1201 773 1249 844 lu

113 879 193 948 dam
214 874 361 945 Simonis
381 871 560 942 iscariotem
586 872 639 950 hic
660 871 746 950 enim
767 884 834 955 ersi
853 897 935 952 tum*
949 874 1126 968 traditurus,
1148 900 1248 972 quum

115 1003 208 1056 unus
231 988 318 1051 esset
338 1001 376 1051 ex
396 977 574 1057 duodecim

203 1156 250 1218 65.
287 1157 453 1236 dimerso
471 1155 545 1217 diei
585 1153 693 1218 lterum
717 1155 804 1220 fidem
827 1155 960 1219 admonet
977 1173 1074 1218 rarum
1092 1154 1246 1220 admodum

121 1241 151 1296 et
167 1231 308 1330 sipgnlara
326 1234 438 1294 donmn
456 1253 519 1330 essa
537 1233 559 1294 S
580 1236 661 1296 iritns
680 1235 746 1334 Dei,
757 1255 808 1332 ‘no
826 1237 963 1332 miremur
982 1235 1167 1317 Evangelium
1180 1256 1246 1332 ‘non

113 1313 1245 1476 &mittitinfftitilttiiitiiottff
1333 1367 1337 1380 ·

114 1473 167 1534 hit:
195 1473 277 1534 venit
302 1473 381 1533 enim
399 1472 483 1534 uobis
500 1474 531 1534 ln
550 1481 689 1548 mentem,
713 1477 763 1558 qul
781 1473 843 1536 fieri
862 1477 951 1558 possit
970 1481 1003 1536 nt
1022 1475 1143 1536 salutem
1161 1493 1243 1535 suam

112 1555 203 1614 mdor
222 1571 290 1634 pars
309 1551 460 1613 hominum
479 1559 582 1634 sponte
600 1554 717 1616 rciiciat.
762 1551 851 1632 Quod
869 1575 900 1614 er
919 1575 937 1614 o
956 1561 1034 1616 tanta
1052 1561 1097 1618 est
1114 1553 1242 1614 fidelium

112 1633 256 1714 pancitas,
284 1649 402 1692 caumm
426 1631 551 1714 assignat
569 1631 715 1709 Christus,
743 1635 812 1716 qrrio
836 1633 873 1694 ad
891 1575 976 1696 iidem
999 1651 1050 1694 sna
1068 1651 1133 1715 pars
1153 1633 1241 1694 icaria

112 1731 199 1771 nemo
218 1710 366 1772 hominnm
385 1713 549 1792 parentat:
569 1731 669 1787 omnes
688 1713 765 1774 enim
785 1729 885 1774 coecos
904 1732 974 1790 csse,
994 1713 1086 1776 donec
1103 1654 1241 1794 sipiritu

112 1789 171 1850 Dei
196 1790 403 1868 illuminentur,
433 1791 512 1851 solos
536 1793 623 1876 igitur
640 1810 704 1856 esse
721 1793 793 1854 tanti
811 1792 879 1854 honl
897 1799 1058 1874 compotes,
1127 1811 1159 1853 os
1178 1791 1240 1853 eius

112 1871 328 1950 participatione
346 1870 481 1951 dignatur
488 1868 582 1932 Pater.
622 1869 697 1934 Nam
716 1871 741 1932 sl
760 1874 920 1952 promiscua
939 1871 1070 1934 omnibns
1126 1889 1158 1930 ec
1176 1889 1239 1952 gra-

113 1951 153 2009 tia
172 1955 257 2024 osea
274 1949 473 2044 intempestive
491 1957 521 2012 et
539 1956 620 2012 extra
639 1969 701 2012 rem
720 1952 782 2013 eins
800 1953 907 2012 mentio
925 1951 1007 2014 fieret
1024 1949 1081 2013 boe
1098 1951 1178 2011 loeo:
1197 1955 1238 2009 te-

115 2027 245 2090 nendum
260 2035 306 2088 est
324 2047 399 2088 ennn
417 2028 523 2090 Christi
543 2031 708 2106 consilinm,
735 2049 794 2092 non
817 2031 924 2092 mutim
941 2029 984 2090 Er
1040 2029 1094 2093 elio
1113 2027 1238 2102 cedma,

116 2108 185 2188 qnia
203 2107 318 2167 nonum
335 2126 372 2170 ex
390 2125 490 2172 arcana
508 2105 632 2192 Spiritus
650 2109 823 2170 revelatione
839 2115 971 2168 nascatur
985 2051 1067 2170 dide.
1094 2108 1239 2170 Dorcadi

114 2186 203 2250 verbo
221 2186 270 2248 hie
288 2187 378 2248 utitur
398 2207 452 2268 pro
470 2207 506 2248 eo
525 2189 604 2270 quod
623 2190 704 2270 prins
725 2188 836 2248 dixerat
859 2189 988 2247 ianime
1016 2205 1075 2266 quo
1100 2185 1239 2268 significat

111 2287 168 2327 non
188 2266 273 2328 aliam
291 2287 346 2328 nos
364 2265 495 2330 omenes
512 2285 628 2332 cansam
646 2265 712 2330 Deo
736 2283 813 2341 essa,
842 2265 895 2326 nisi
918 2264 986 2346 quia
1011 2265 1135 2344 gratuito
1153 2264 1237 2324 nobis

110 2345 206 2444 hves·
236 2345 325 2444 Quod
344 2348 421 2444 apim
441 2349 642 2432 cemrquimur
659 2365 698 2412 ex
716 2343 773 2410 Dei
793 2345 869 2410 dono
893 2350 924 2408 et
941 2344 1044 2430 matis,
1071 2361 1156 2414 nemo
1182 2341 1236 2404 sibl

110 2427 677 2600 limpidii-mdicusddiimidiiddbiiinlonm.
703 2507 787 2574 Nune
804 2502 999 2570 recitatldrau
1046 2503 1055 2524 '
1127 2507 1234 2600 quanta

112 2583 288 2667 perturbatio
307 2587 473 2649 concinnam
494 2589 573 2685 illam
590 2595 711 2670 sequuta
729 2591 779 2688 ⁸sit
823 2586 889 2686 ‘Est'
904 2593 997 2684 autam
1021 2585 1078 2682 boc
1121 2583 1234 2644 ornhrlc

110 2665 752 2830 ifflffniiffipiliifffliiiiaiffi
762 2663 1233 2829 ittititttl‘titli

110 2824 236 2906 adeoque
254 2824 407 2886 familiares
426 2833 509 2887 erant
526 2828 587 2888 eius
610 2829 698 2908 discip
741 2872 749 2889 .
798 2827 856 2887 Sed
882 2825 938 2886 hoo
962 2823 1125 2906 exemplum
1148 2822 1232 2884 nobis

110 2906 190 2986 qnasi
208 2905 317 2987 spondi
334 2907 398 2965 vice
417 2907 596 2988 proponitur,
614 2908 646 2969 in
665 2927 723 2986 quo
735 2923 882 2967 demamus
896 2911 1002 2986 quanta
1016 2907 1053 2964 sit
1061 2903 1158 2964 mundi
1167 2921 1231 2984 pra-

111 2986 181 3045 vitas
199 2992 229 3048 ct
249 2985 433 3066 ingratitudo,
453 2986 503 3065 qui
521 3003 559 3046 cx
577 2987 639 3068 ipsa
657 2987 733 3048 vitas
751 2986 867 3067 planitia
880 2983 1004 3045 scandali
1018 2984 1163 3044 materiam
1178 2981 1236 3042 sibi

111 3065 203 3139 charit,
221 3083 259 3124 ne
278 3065 316 3124 ad
325 3063 472 3124 Christum
486 3065 607 3126 accedat.
635 3065 770 3127 Dicerent
783 3065 865 3127 multi
879 3065 965 3124 satius
979 3063 1074 3140 finisse,
1092 3081 1151 3122 non
1169 3079 1231 3122 mo·

111 3145 172 3202 veri
190 3143 329 3202 eiusmodi
346 3163 512 3220 mrmonenr,
532 3147 583 3224 qni
602 3145 764 3207 deiectionis
783 3163 867 3204 cansa
885 3143 981 3203 multis
998 3141 1062 3214 init,
1082 3139 1132 3200 sed
1145 3139 1231 3217 longo

115 3221 197 3279 aliter
213 3220 297 3280 nobis
314 3223 490 3284 statuendum
508 3231 561 3285 est.
601 3223 676 3286 Nam
694 3223 773 3304 quod
791 3223 828 3284 de
842 3221 956 3287 Christo
974 3220 1150 3302 praedictum
1165 3217 1230 3278 *ine-

113 3305 174 3374 rat,
197 3299 229 3357 in
247 3299 309 3358 sius
326 3300 448 3362 doctrina
466 3305 586 3385 perspici
601 3311 674 3365 tuno
694 3303 833 3385 oportuit,
856 3307 887 3361 et
904 3319 982 3360 nuno
1000 3299 1126 3380 qnotidie
1145 3317 1162 3357 o
1184 3315 1229 3356 or·

113 3384 163 3454 tet,
182 3397 251 3438 enm
270 3377 376 3439 scilieet
392 3379 419 3439 la
436 3383 511 3442 idem
528 3403 591 3444 esso
610 3383 771 3444 offensionis
794 3381 860 3459 (les.
880 3383 909 3455 8,
928 3378 998 3515 hipp.
1045 3377 1095 3437 Sic
1163 3318 1183 3434 d
1291 3387 1296 3402 ·

111 3456 295 3539 temperanda
319 3465 364 3530 eat
385 3479 403 3519 n
440 3459 463 3522 is
487 3463 630 3538 doctrina,
658 3479 695 3522 ne
719 3479 805 3542 quem
823 3463 954 3518 nmtrac

111 3537 205 3618 moad
223 3536 288 3598 fieri
305 3545 401 3619 potest
419 3541 555 3604 mhnendi
574 3547 641 3602 srmt
658 3539 741 3600 nobis
761 3555 867 3602 omnes.
915 3534 1048 3614 Demque
1071 3529 1229 3592 carendum

109 3635 145 3676 ne
162 3616 370 3678 inconsiderate
387 3619 530 3700 loquendo
548 3620 633 3682 rades
651 3618 699 3680 vel
721 3617 849 3680 infirmos
871 3613 1025 3676 memus.
1074 3609 1132 3670 Sed
1155 3627 1227 3704 nun·

150 3713 196 3754 am
214 3695 339 3758 adhiberi
356 3703 436 3759 huia
454 3701 548 3760 cautio
566 3699 684 3782 poterit,
709 3700 780 3780 quin
803 3695 901 3758 multis
919 3691 1042 3754 scandali
1060 3689 1172 3752 occasio
1191 3692 1229 3748 art

111 3715 217 3834 puhfiffl
235 3775 375 3844 dochinus
404 3779 471 3858 quia
493 3779 607 3860 reprobi
631 3779 719 3841 exitio
740 3777 835 3839 devoti
853 3793 995 3836 venenum
1013 3789 1051 3834 ex
1070 3769 1134 3831 cibo
1152 3767 1226 3830 salu·

111 3851 232 3914 herrimo
255 3862 285 3915 et
305 3855 346 3915 fel
370 3875 408 3918 ex
426 3857 510 3919 mella
528 3865 641 3941 sugunt
690 3857 775 3921 Certe
794 3856 862 3937 quid
876 3855 950 3938 ,utile
968 3857 1043 3914 esset
1060 3851 1166 3932 optime
1184 3855 1224 3909 ta·

108 3931 196 3993 nebal
211 3931 296 3994 lilius
315 3933 383 4010 Dei,
401 3936 530 3998 videmos
547 3946 643 4000 tamen
662 3957 729 3998 coar
746 3955 806 3998 non
824 3936 957 4016 effugere,
976 3933 1046 4015 quin
1064 3931 1168 3992 multos
1187 3947 1225 3989 ex
1334 4009 1338 4018 1

107 4011 169 4072 suis
187 4013 317 4074 olimdat
345 4011 424 4095 Ergo
442 4023 587 4099 omenque
605 4010 687 4078 multi
706 4015 876 4077 abhorreant
889 4033 906 4073 a
919 4032 991 4095 pura
1005 4011 1141 4088 doctrina,
1159 4028 1225 4092 snp-

106 4092 343 4172 primera'tamen
361 4095 487 4156 samias
505 4117 564 4156 nou
582 4104 634 4158 est.
673 4095 798 4156 Tantum
821 4094 998 4154 meminerint
1014 4090 1155 4152 Ecclesiae
1174 4088 1224 4148 do·

105 4178 198 4232 dores
226 4169 363 4234 Paulinae
396 4173 606 4253 admonitionis,
638 4175 758 4236 verbum
786 4173 842 4236 Dei
863 4177 951 4232 'racto
983 4171 1136 4232 senodum
1163 4185 1226 4228 esse

104 4249 149 4328 (ll.
169 4249 244 4312 tim.
264 4257 294 4328 2,
314 4253 392 4332 15.)=
417 4259 478 4315 tum
497 4255 597 4316 deindo
615 4275 667 4338 per
685 4253 803 4336 quaevis
821 4249 989 4313 offendicula
1006 4249 1145 4330 intrepide
1162 4266 1225 4328 per-
1329 4291 1332 4300 .

104 4329 462 4490 &Omnes
479 4333 603 4476 delioebrp
615 4333 825 4479 continfflepe
835 4331 1018 4476 Ἀώῳ
1036 4323 1226 4468 w'dabnsii'uli

393 4429 459 4494 qula
477 4431 561 4498 tapso
622 4433 681 4478 non
807 4435 815 4472 ε
936 4430 1011 4502 curua

1155 3377 1161 3392 ¹
1182 3393 1229 3434 em

982 3475 1020 3550 pa
1039 3457 1113 3515 elien
1134 3471 1228 3512 amusa
