2786 4866
560 184 764 281 ctl’tt'ttv.¹
1168 201 1220 294 '79

82 343 192 404 testum
211 332 307 398 Iudaei
326 331 533 407 conduxerant,
552 335 611 394 acsi
631 333 738 398 dictum
756 341 840 410 esset,
861 334 980 400 ludaeos
998 355 1038 400 ex
1051 337 1218 405 diremislo
1321 381 1326 390 ·

82 415 297 490 deonandos,
328 411 411 492 quasi
435 429 576 474 oonoomu
595 411 685 490 samo,
714 433 863 498 aggressos
881 436 944 478 esse
964 417 1073 482 Cbristi
1090 441 1219 504 regulum,

82 503 188 564 effectu
209 505 303 558 tamen
323 491 447 552 caruisse
465 509 566 552 eorum
585 491 719 556 furorem.
920 535 921 542 ι
1109 509 1119 536 t

162 584 311 642 mm
325 573 433 653 fliam
453 579 547 634 taam.
585 571 665 644 Idem
689 583 732 636 cst
750 595 856 638 nomeu
874 579 952 659 apud
972 578 1112 658 Graecos,
1141 585 1220 664 qnod

81 679 174 743 nuper
197 656 327 718 Serum
350 650 473 727 addidi,
502 663 598 732 quum
616 654 703 722 tiebat
726 655 847 718 Davidis
869 661 990 720 mentio:
1025 668 1114 726 «αἶσα
1142 666 1221 726 enim

80 743 123 804 illi
145 758 227 803 nunc
246 735 375 800 Serum
398 731 556 828 appellant,
585 753 662 796 nuuc
680 734 793 798 Filium.
843 735 939 800 David
967 749 1064 803 autem
1087 745 1153 806 ideo
1177 745 1219 806 sic

7 1035 15 1056 ,
80 901 210 1054 guibon,
240 977 296 1038 nisi
318 975 390 1070 torte
414 973 461 1034 cui
484 973 574 1068 magis
587 974 722 1072 placeat,
746 918 858 1040 {neam
881 980 912 1040 iu
936 923 1140 1061 signinum
1158 1005 1217 1046 aru·
1251 991 1258 1002 ”

84 1060 175 1140 bigrm
193 1059 274 1118 vocis
297 1055 419 1114 voluisse
447 1051 482 1114 ad
512 1053 724 1136 simulitudinem
746 1057 872 1120 alludere
896 1077 985 1140 quam
1003 1060 1102 1124 babuit
1120 1063 1218 1124 David

88 1159 158 1202 eum
177 1137 301 1198 Gbristu.
340 1131 515 1194 Nomiuab’m
534 1133 859 1198 decernentium
878 1157 963 1200 suum
982 1143 1114 1218 unxisse,
1134 1151 1167 1204 ut
1184 1146 1218 1206 in

59 1335 64 1342 .
87 1222 184 1301 ΨΜ
202 1236 269 1312 '⁰³‘
280 1211 1035 1375 tttttttltt'ttlttttttultttl
1053 1223 1217 1382 tottii

86 1303 283 1470 mxu
303 1393 404 1458 genus
421 1374 526 1446 scimus
544 1374 622 1437 enim
639 1395 699 1438 nou
718 1375 820 1438 visibili
840 1377 914 1456 cleu,
933 1377 1104 1462 sedSpiritu
1115 1390 1216 1444 sendo

83 1458 469 1617 luuaeffimctppufwm
507 1531 655 1614 Quorsum
679 1534 737 1598 boc
760 1536 870 1600 dimtur
893 1539 951 1599 iam
975 1542 1112 1622 exposui:
1142 1543 1215 1605 adca

82 1619 192 1680 seilicet
220 1616 270 1678 illa
299 1616 507 1696 conspiratione
535 1635 595 1677 uon
620 1635 752 1676 eversum
774 1617 862 1679 fuisse
886 1618 994 1680 Christi
1017 1641 1154 1703 regulum,
1182 1629 1217 1684 ut

83 1705 155 1758 tunc
172 1717 241 1760 vere
259 1695 429 1758 effloruerit.
457 1693 513 1754 Hic
530 1702 627 1758 tamen
646 1697 806 1758 continetur
824 1699 941 1778 insignis
956 1699 1098 1762 doctriua:
1117 1701 1216 1764 Deum

87 1797 191 1838 amano
211 1797 263 1836 suc
283 1775 403 1836 consilio
423 1775 464 1834 sic
482 1775 623 1835 moderari
643 1777 752 1850 omnia,
781 1783 816 1872 ut
834 1797 887 1860 per
905 1779 1008 1860 impios
1028 1782 1115 1842 etiam
1134 1803 1215 1844 exse·

89 1864 195 1938 quatur
218 1855 433 1936 quodstaluit,
471 1875 531 1914 nou
554 1853 633 1936 qnod
652 1863 755 1936 sponte
773 1856 816 1916 illu
836 1877 938 1918 manus
957 1859 994 1919 ad
1013 1861 1071 1921 tale
1090 1862 1215 1923 ministe-
1304 1865 1314 1880 '

84 1939 162 1998 rium
180 1936 341 2018 praebeant,
361 1935 412 1998 ssd
431 1933 508 2016 quod
528 1953 628 1996 corum
648 1935 765 1998 consilia
784 1943 815 1997 et
834 1945 952 1998 conatus
971 1945 1126 2000 reborsum
1146 1943 1214 2023 ogit,

84 2025 118 2077 ut
138 2016 266 2078 distincte
284 2015 351 2076 bine
370 2017 497 2096 aequitas
516 2021 546 2076 et
564 2034 676 2076 summa
694 2016 846 2092 rectitudo,
864 2017 931 2078 iude
951 2019 1044 2079 scelus
1063 2027 1094 2080 et
1112 2021 1151 2080 ini
1175 2023 1214 2080 ui·

83 2103 127 2158 tas
151 2103 305 2184 appareat.-
337 2093 405 2174 Qua
428 2095 464 2154 de
481 2114 513 2156 re
532 2093 643 2176 plenius
662 2097 850 2160 tractavimus
864 2116 897 2158 ca
917 2099 957 2156 ite
976 2101 1005 2158 2.
1045 2097 1148 2159 Obiter
1188 2102 1214 2162 io

81 2177 224 2238 dbcamus
244 2179 286 2238 sic
305 2173 537 2236 considerandam
556 2194 618 2235 esse
636 2173 719 2236 uobis
729 2174 785 2236 Dei
803 2119 1021 2273 prouinciam,
1041 2185 1074 2240 ut
1092 2181 1215 2240 sciam

82 2275 223 2318 summam
242 2264 273 2322 et
292 2257 404 2316 unicam
423 2274 486 2317 esse
504 2255 720 2316 moderatricem
739 2277 868 2318 ommam
882 2275 956 2338 quae
970 2256 1214 2341 inmundoagun·

82 2344 143 2398 tur:
171 2337 256 2398 freno
276 2338 336 2396 eius
354 2333 510 2396 Diabolum
529 2341 558 2396 et
577 2356 676 2398 omues
695 2337 798 2417 impios
818 2335 958 2414 cobiberi,
987 2357 1024 2397 ne
1043 2339 1113 2419 ipsud
1132 2339 1214 2400 uobis

81 2423 218 2478 nunant:
240 2436 330 2495 quum
348 2416 472 2477 maxime
489 2415 635 2490 insutum,
654 2437 713 2476 uon
732 2423 828 2477 nmen
847 2417 957 2478 solutos
972 2437 1043 2492 csse,
1063 2425 1096 2478 ut
1110 2417 1237 2482 iaciant·

84 2496 221 2576 quirquid
245 2495 369 2570 libuerit,
398 2495 449 2556 sod
473 2495 649 2577 aliquatenus
669 2497 755 2556 modo
776 2497 866 2556 laxari
883 2497 940 2558 illis
963 2497 1089 2574 frenum,
1119 2499 1215 2580 quoad

83 2577 203 2656 expedit
221 2575 259 2635 ad
276 2596 328 2636 nos
346 2575 528 2638 exercendos.
557 2573 619 2654 Qui
638 2577 729 2638 sclam
744 2573 800 2638 Dei
814 2578 1028 2658 praescientiam
1047 2585 1214 2662 agnoscunt,

82 2675 144 2717 non
163 2662 260 2716 antem
278 2655 401 2724 latentur
421 2657 516 2718 omnia
535 2657 675 2738 genisius
695 2655 827 2733 arbitrio,
856 2657 938 2720 boile
957 2666 1150 2740 coarguuntur
1168 2659 1213 2720 bis

82 2736 192 2812 verbis,
226 2735 313 2816 Quod
335 2733 418 2797 Deus
445 2737 686 2819 praeordinaverit
713 2737 776 2799 fieri
805 2737 884 2819 quod
917 2737 1026 2800 factum
1055 2746 1111 2800 est:
1150 2741 1210 2800 imo

79 2815 177 2914 Lucas
194 2837 254 2914 npn
272 2822 424 2916 eoptentus
442 2819 557 2880 cmuc'lit
575 2819 690 2916 upmine
708 2841 830 2880 ιιιαιιιιιιι
849 2839 965 2902 quoquuc
984 2813 1138 2902 expressit,
1160 2822 1212 2918 im:
1289 2865 1291 2872 s

77 2898 395 3075 ιιιιιι.
411 2897 1215 3062 ι...

34 3079 40 3086 ·
132 3079 184 3120 arr.

27 3141 33 3151 '
79 3079 132 3141 per
161 3143 211 3201 29.
250 3141 291 3202 Et
309 3161 399 3217 nunc,
417 3129 571 3200 uomens
593 3133 682 3200 Recto
701 3137 738 3199 ad
757 3157 788 3200 sc
806 3139 965 3200 extendunt
984 3139 1062 3220 quod
1081 3139 1116 3199 dc
1132 3139 1213 3200 Chri-

78 3225 129 3279 eto
158 3220 294 3294 citarunt,
322 3224 473 3302 quianon
496 3220 561 3279 nult
575 3209 620 3279 ‘ab
644 3217 799 3300 Evangelio
825 3221 964 3300 separari,
993 3221 1052 3280 iruo
1076 3219 1213 3300 qutnpuid

81 3298 233 3359 molestiae
260 3299 378 3362 insertur
401 3301 459 3360 suis
483 3299 618 3362 membris
641 3300 671 3360 in
695 3317 847 3380 personam
866 3319 948 3358 suam
967 3298 1109 3360 transfert.
1159 3298 1213 3360 Pe·
1240 3319 1244 3327 ¹

79 3384 149 3438 mut
168 3384 266 3438 autem
284 3387 316 3440 ut
333 3379 475 3440 Dominus
494 3377 621 3440 hostium
645 3379 791 3440 saevitiam
814 3380 965 3460 reprimat,
994 3379 1045 3440 sed
1070 3399 1129 3438 non
1152 3385 1213 3438 tam

78 3457 109 3517 id
129 3477 183 3518 sua
204 3477 298 3534 causa,
310 3466 349 3544 nt
389 3461 461 3520 niele
481 3463 510 3520 ct
530 3460 590 3520 siue
608 3459 739 3520 molestia
757 3459 865 3534 urant,
886 3479 973 3540 quam
982 3457 1128 3539 Evangelii
1146 3479 1211 3539 pro-

77 3537 213 3679 pppppdp
224 3539 348 3680 studiofi
366 3481 467 3620 dieque
486 3539 714 3682 epimtoptpbglgs
739 3539 871 3680 ingatii-1¹³⁸
886 3541 966 3678 pita,
995 3539 1213 3682 quartusdesp'rta

76 3639 230 3775 {reincudit
239 3639 606 3786 effrussdcistaenlscup'alicicznai.
646 3641 796 3762 Caefflrum
815 3641 1212 3780 noisturiascciinitacibul’uqugz

77 3779 139 3848 tio,
167 3785 201 3837 ut
221 3777 366 3842 Dominus
394 3781 486 3842 minas
516 3783 653 3862 respiciat.
703 3779 777 3842 Nam
801 3802 892 3863 quum
916 3781 977 3840 eius
1001 3781 1149 3860 proprium
1175 3781 1213 3840 sit

75 3875 188 3916 munus
206 3861 334 3941 superbis
353 3863 483 3922 resistere
502 3869 651 3923 eteorum
671 3861 790 3922 debuere
813 3861 977 3942 supercilia,
1007 3879 1067 3940 quo
1090 3859 1211 3920 insoleu-

74 3938 137 3998 tius
162 3955 194 3998 se
216 3939 336 4014 iactant,
365 3961 424 4004 uon
444 3941 562 4004 dubium
582 3944 651 4038 quin
671 3944 759 4022 magis
778 3947 937 4024 provocent
955 3943 985 4001 in
1004 3959 1036 4001 se
1055 3941 1127 4000 iram
1146 3940 1212 4014 Dei,

71 4025 104 4080 et
125 4017 197 4100 quin
217 4017 299 4080 Deus
318 4021 380 4100 ipse
399 4028 478 4084 tanta
497 4023 661 4104 indignitate
681 4024 820 4096 offensus,
846 4021 1002 4083 remedium
1022 4020 1122 4081 atlcrre
1142 4021 1212 4082 velit

70 4097 142 4176 (les.
165 4101 216 4176 37,
235 4101 283 4162 14.
305 4103 376 4180 17.).
427 4101 476 4162 sic
499 4101 634 4162 Ezecltias
660 4108 691 4162 ut
710 4123 795 4184 opem
814 4104 843 4162 in
863 4101 947 4162 rebus
967 4103 1103 4162 extremis
1122 4102 1210 4184 impe·

69 4185 147 4252 iret,
177 4182 371 4261 arrogantiam
390 4179 583 4243 Sennacherib
608 4189 639 4242 et
662 4188 770 4242 atroces
789 4183 880 4242 minas
899 4184 930 4242 iu
949 4181 1074 4244 medium
1093 4183 1209 4263 profert.

68 4256 177 4335 Quare
196 4257 324 4320 bostium
344 4261 495 4323 crudelitas
520 4269 550 4323 et
573 4263 759 4323 contumeliae
782 4261 907 4322 studium
926 4263 1060 4344 pretendi
1079 4263 1109 4323 in
1129 4263 1211 4324 nobis

67 4338 174 4417 potius
203 4341 341 4416 excitent,
371 4361 458 4422 quam
486 4341 632 4405 debilitent
655 4343 738 4404 uubis
763 4342 874 4402 animos
898 4345 1050 4424 quominus
1075 4345 1105 4404 in
1125 4341 1211 4405 officii
1247 4392 1250 4411 ,

66 4418 170 4479 nosos
187 4437 277 4480 cursu
296 4441 457 4504 pergamus.
563 4449 566 4454 ·
