2810 4850
182 237 220 298 10
570 232 611 296 ΙΝ
628 231 770 299 EVANG.
789 229 921 299 IOANN.

181 347 269 416 verbo
294 347 366 412 nihil
389 351 477 433 magis
495 349 607 426 tritum,
635 349 685 412 uhi
709 357 806 414 tameo
818 351 902 414 nulia
921 356 965 413 est
982 357 1019 413 ex
1032 346 1185 436 ,Evangelii
1203 349 1303 416 auditu
1396 373 1397 418 ι

181 427 287 490 Christi
305 432 411 494 notitia.
453 429 530 527 Ergo
550 429 680 492 Christus
697 451 751 515 per
767 429 955 520 Evangelium
973 449 1005 494 se
1023 429 1105 496 nobis
1125 432 1227 511 offert,
1246 453 1302 496 noe

180 515 276 571 autem
293 509 350 572 tide
369 531 434 571 euru
452 513 610 592 recipimus.
1396 553 1397 580 r

186 623 190 638 v
259 593 307 654 ta.
328 597 387 666 Qut
405 613 465 652 ooo
483 611 520 664 ‚ee
538 599 691 672 soegtstm.
717 587 807 670 Quod
820 591 935 674 oblique
947 591 1304 674 hiepravarnlndaeornm
1396 583 1397 658 i

84 721 90 728 .
180 669 379 730 confidentiam
397 670 546 752 perstringi
565 671 681 758 qnidam
698 677 810 752 putant,
828 671 946 732 libenter
964 675 1127 754 amplector.
1150 671 1304 758 Habebunt
1396 665 1397 724 i

178 749 221 812 illi
239 769 350 832 semper
367 751 398 810 in
417 768 466 808 ore
485 751 593 830 generis
612 751 657 810 sni
676 749 853 832 dignitatem,
882 753 969 832 quasi,
987 773 1025 812 ex
1049 759 1146 812 saneta
1163 753 1304 835 progenie
1388 761 1397 802 i

179 831 249 904 orti,
276 830 439 890 naturaliter
462 830 551 888 saneti
573 835 676 891 oeseut.
720 829 761 891 Et
780 832 881 891 merito
901 832 1011 926 gloriati
1030 831 1150 892 fuissent
1167 831 1305 894 Abrahae

177 925 294 989 genere,
314 910 338 968 si
356 907 472 988 legitimi
490 908 556 984 filii,
575 928 609 970 ao
627 927 686 970 non
705 908 856 990 degeneres
874 911 1007 972 frnsseut:
1035 917 1067 971 at
1084 910 1152 972 fidei
1172 912 1303 992 gloriatio
1396 973 1397 990 ,

176 987 248 1050 nihil
266 1005 381 1068 prorsus
401 989 506 1049 carnali
525 990 669 1128 geniturae
688 995 813 1070 arrogat,
842 990 892 1050 sed
910 991 961 1050 uni
979 989 1037 1051 Dei
1056 991 1168 1072 gratiae
1180 992 1237 1050 fert
1254 1009 1304 1051 ae·
1396 1045 1397 1058 ,

176 1073 293 1150 ceptum
312 1068 447 1148 ordoquid
465 1074 509 1128 est
547 1069 603 1129 oui.
632 1065 712 1128 Dicit
730 1088 798 1150 ergo
812 1067 939 1142 Ioannes,
1000 1072 1007 1088 '
1028 1089 1066 1130 ex
1081 1069 1221 1130 Gentibus
1235 1075 1303 1130 auto
1396 1069 1397 1148 ζ

174 1146 328 1208 immundis
348 1145 463 1208 Christo
484 1149 610 1222 eredunt,
628 1169 687 1210 nou
705 1167 743 1207 ex
761 1155 843 1210 utero
862 1151 940 1210 nasei
958 1091 1015 1210 ffi
1033 1149 1118 1225 filios,
1135 1149 1187 1210 sed
1205 1147 1302 1210 aDeo
1396 1159 1397 1218 i

174 1225 247 1287 retia
267 1227 290 1300 ⁹,
319 1233 352 1286 ut
381 1247 442 1291 esse
471 1229 612 1309 incipiant
661 1225 834 1308 Sanguinem
853 1231 965 1289 ridetur
983 1231 1111 1310 posuisse
1129 1229 1161 1293 in
1179 1247 1302 1288 numero
1396 1227 1397 1294 Ῐ

173 1247 287 1446 ΚΙιιι-ιῗ,
311 1326 370 1386 quo
389 1307 503 1387 longam
522 1307 632 1386 generis
650 1308 857 1369 snoeessiouem
875 1309 976 1370 melius
994 1310 1175 1390 exprimeret.
1223 1306 1303 1368 Nam
1396 1311 1397 1374 i

196 1405 247 1446 aee
264 1405 331 1467 pars
350 1393 412 1446 erat
429 1388 576 1446 iactantiae
587 1387 667 1467 apud
680 1386 809 1463 Iudaees,
829 1390 962 1448 contiuua
975 1389 1047 1449 serie
1061 1393 1145 1470 p'osse
1161 1388 1302 1469 originem
1396 1445 1397 1450 ,

173 1465 381 1531 suamreferre
399 1485 433 1528 us
474 1487 491 1526 e
510 1467 546 1526 ad
565 1465 750 1528 Patriarohae.
801 1462 1198 1543 contemerasse,
1222 1466 1302 1526 idem
1396 1469 1397 1546 ἶ

172 1544 244 1606 mihi
263 1545 409 1626 signifieat.
467 1544 1302 1628 ur.euimCaropromulieresumatur‚(quemadu1adum
1396 1555 1397 1588 ³

172 1625 257 1685 multi
276 1643 342 1686 eum
360 1625 522 1706 Augustino
539 1627 674 1703 volunt),
702 1646 838 1707 egonou
861 1628 954 1688 rideo.
1003 1625 1103 1687 Potius
1126 1644 1188 1687 rem
1211 1643 1304 1686 unam

173 1703 291 1765 diversis
309 1704 402 1765 verbis
420 1713 552 1792 repetens
570 1703 768 1785 Evangelista,
792 1725 856 1767 eam
875 1708 976 1768 meiius
999 1706 1137 1780 incolent,
1165 1711 1196 1766 et
1214 1703 1303 1764 altius

171 1785 314 1881 urentihns
332 1783 432 1881 intigit
470 1783 595 1846 Tametsi
614 1785 851 1861 entemludaeos,
893 1787 918 1882 ἱ·
939 1788 970 1848 in
988 1804 1073 1882 earne
1090 1805 1124 1846 su
1137 1783 1302 1880 'egbiebanh
1396 1787 1397 1844 i

171 1883 351 2021 griffoi?
372 1871 429 2004 wael?
439 1865 856 2020 οῖῖιιξὲιῖιῖῗυξὲηιέξὲθὸῗιζει
874 1867 1120 2006 nohilidfflhae
1139 1867 1301 2022 prolitolffi
1396 1959 1397 2026 ζ

171 2039 267 2103 neque
286 2044 324 2090 ex
342 2023 424 2084 nobis
442 2024 592 2106 proiieisoi,
612 2025 663 2085 sed
682 2027 749 2106 quia
763 2021 908 2086 Dominus
926 2024 1084 2086 voluntarie
1096 2040 1161 2096 uos,
1178 2020 1303 2080 hooeet

171 2105 296 2186 gratuito
316 2120 412 2166 amore
431 2106 536 2186 genuit.
585 2103 660 2165 Hine
683 2106 777 2186 primo
802 2108 944 2190 seqnitm,
972 2105 1060 2166 fidem
1083 2121 1122 2162 ex
1139 2099 1225 2159 nohis·
1240 2117 1301 2158 non
1396 2125 1397 2182 3

170 2185 336 2324 §reveniret
366 2184 415 2244 sed
439 2183 591 2264 spiritualis
609 2186 829 2264 regenerationis
844 2191 910 2246 'esse
928 2187 1062 2280 ignotum,
1111 2178 1205 2274 Negat
1223 2177 1301 2237 enim
1396 2201 1397 2204 ¹

170 2264 392 2424 sitibit?
393 2283 517 2404 ‘titt
516 2265 1011 2418 ⁰t‘1ttt.⁰‘⁰itto‚”ttt¹ttt
1024 2260 1232 2419 iiiiii,
1241 2261 1300 2396 tt:

164 2423 294 2502 ,demque
312 2423 451 2496 notitiam,
471 2427 574 2501 qunm'
580 2423 675 2483 nullm
694 2421 809 2482 eredere
827 2422 926 2502 possit,
945 2419 999 2480 nisi
1013 2416 1072 2478 Dei
1090 2419 1193 2499 spiritu
1210 2416 1299 2478 rdor-
1396 2479 1397 2484 η

169 2507 274 2564 matris.
324 2499 444 2560 Videtur
467 2508 564 2562 tamen
583 2499 763 2582 Evangelisto
781 2521 849 2582 prae
869 2506 961 2560 ostem
980 2498 1223 2579 regenerationem
1240 2493 1299 2559 fide
1396 2515 1397 2526 ³

169 2577 266 2641 iacere
283 2580 416 2660 priorem,
436 2600 526 2659 quum
544 2583 639 2661 potius
654 2581 778 2664 effeetus¹
789 2581 827 2640 sit
860 2580 915 2654 dei,
932 2578 1055 2658 ideoque
1068 2577 1216 2658 posterior.
1241 2573 1302 2635 Re,

168 2657 308 2740 spondeo,
328 2664 481 2739 utrumque
500 2661 608 2740 optime
627 2660 792 2720 eonveuirer
811 2661 879 2739 quia
897 2665 927 2719 et
945 2657 1002 2718 fide
1017 2655 1193 2752 concipimus
1206 2656 1299 2714 inoor·
1396 2697 1397 2710 r

169 2737 302 2818 ruptibile
321 2757 427 2812 semen,
447 2759 506 2818 qno
524 2741 555 2799 in
573 2759 679 2802 novam
699 2746 730 2800 et
748 2738 980 2799 divinamvitam
997 2755 1179 2797 renaseimur.
1204 2731 1242 2793 Et
1255 2739 1299 2792 ta-

110 2853 113 2856 ·
168 2834 238 2878 men
255 2818 313 2877 iam
331 2817 401 2880 fides
420 2819 483 2899 ipsa
502 2837 575 2899 opus
594 2826 638 2880 est
656 2817 779 2898 Spiritus
798 2817 897 2891 saneti,
957 2819 971 2877 i
985 2813 1098 2877 nonnisi
1115 2816 1146 2874 in
1165 2809 1299 2873 filiisDei

167 2895 286 2959 habitat.
334 2894 411 2976 Ergo
435 2899 592 2960 seeundum
612 2897 737 2958 diversos
755 2904 901 2978 respectus
931 2895 990 2956 ides
1007 2894 1227 2976 regenerationis
1244 2911 1298 2952 uo·
1396 2915 1397 2924 ¹

168 2983 245 3037 strae
263 2993 330 3057 pars
349 2983 406 3052 est,
424 2984 454 3036 et
471 2978 502 3038 in
521 2997 641 3057 reguum
660 2974 717 3036 Dei
735 2977 889 3056 ingressus,
907 2981 941 3034 ut
959 2992 1012 3034 uos
1031 2976 1062 3034 iu
1080 2973 1146 3034 iiiiis
1166 2972 1225 3032 suis
1243 2989 1297 3030 nu·

167 3061 268 3118 meret.
308 3053 397 3134 Quod
416 3057 491 3116 euim
500 3055 623 3135 Spiritus
642 3061 751 3114 mentes
769 3061 881 3116 nostras
899 3053 1029 3129 illustrat
1047 3052 1078 3114 id
1091 3054 1148 3114 iarn
1162 3050 1199 3109 ad
1212 3069 1297 3110 reuo-

168 3136 313 3196 vationem
331 3136 421 3194 nostri
440 3135 568 3216 pertinet.
608 3133 674 3194 Hoo
691 3133 779 3194 modo
797 3153 835 3193 ex
853 3135 1078 3214 regeneratione,
1101 3137 1237 3210 tauquam
1256 3147 1303 3190 ex-

167 3213 248 3276 iente
266 3219 365 3276 manet
384 3211 464 3274 fides.
488 3212 548 3274 Sed
568 3214 703 3293 qnoniam
721 3213 822 3273 eadem
839 3211 896 3272 fide
907 3209 1052 3273 Christum
1064 3212 1225 3292 reeipimus,
1244 3209 1299 3288 qui
1396 3213 1397 3220 ’

166 3291 278 3390 Spiritu
295 3313 350 3356 nos
368 3313 422 3353 suo
441 3293 605 3368 sanctificat,
623 3293 689 3352 ideo
708 3293 810 3352 dioitru
827 3291 987 3372 adoptionis
1004 3300 1119 3354 nostrae
1137 3308 1201 3352 esse
1218 3289 1298 3370 prin-

166 3375 282 3456 opium.
365 3391 517 3454 namquam
541 3371 629 3432 altera
648 3373 789 3432 distinctio
809 3371 905 3432 afferri
923 3378 1018 3454 potest
1036 3372 1138 3432 clarior
1156 3376 1186 3429 et
1203 3369 1298 3448 magis
1396 3395 1397 3404 ι

165 3455 309 3536 expedita.
377 3472 424 3514 am
443 3473 533 3533 quum
541 3450 683 3513 Dominus
700 3451 789 3512 fidem
807 3451 932 3532 inspirat,
951 3449 1063 3510 oeordte
1082 3466 1135 3507 nos
1147 3453 1176 3505 et
1188 3463 1298 3505 arcano

165 3535 294 3616 quodem
312 3539 342 3596 et
360 3533 505 3615 incognito
523 3531 606 3592 nobis
625 3532 784 3593 medones
803 3531 931 3612 regignit
968 3527 1050 3594 ¹Fide
1071 3531 1167 3586 auteur
1185 3523 1299 3602 donati,

123 3660 130 3673 .
164 3616 236 3679 rivo
256 3614 445 3676 eonsoientiae
463 3631 549 3674 seusu
566 3631 625 3672 non
643 3611 802 3692 adoptionis
820 3611 907 3672 modo
958 3607 1053 3679 adam,
1072 3603 1124 3664 sed
1137 3606 1296 3685 vitaeque-

209 3696 400 3754 euovitatem
419 3700 448 3756 et
463 3689 549 3753 aiiaS
569 3692 649 3750 tritus
662 3692 751 3750 saneti
761 3690 837 3750 dona
849 3627 1093 3769 appmiiendtmus
1118 3681 1194 3778 itam
1203 3703 1297 3764 quum
1396 3693 1397 3706 ¹

166 3712 248 3846 ides,
267 3772 314 3848 (nt
332 3773 439 3832 dietruu
458 3773 523 3852 est),
544 3713 689 3830 duremur
708 3770 834 3850 recipiat,
856 3786 910 3828 uos
928 3765 959 3825 in
977 3765 1106 3825 omnium
1124 3783 1186 3823 erne
1204 3763 1297 3824 hono·
1396 3779 1397 3784 ’

67 3883 69 3888 ·
166 3869 233 3911 rum
262 3853 468 3930 possessionem
497 3849 709 3931 quodammodo
738 3847 853 3908 indueit
902 3846 944 3910 Ita
963 3850 1103 3925 qnantum
1122 3843 1159 3902 ad
1178 3861 1298 3904 sensum
1396 3851 1397 3906 i

165 3935 298 3990 nostrum
316 3935 435 4009 spectat,
453 3930 566 3992 nonnisi
584 3934 651 4009 post
668 3927 756 3988 fidem
769 3925 826 3986 Dei
844 3925 895 3986 tilii
914 3944 977 3985 esee
995 3924 1154 4004 incipimus.
1180 3917 1297 4000 Quodsi
1396 3917 1397 3934 ¹

139 4077 141 4085 ,
166 4008 329 4089 adoptionis
347 4007 457 4068 fruetus
476 4009 613 4070 detritae
632 4014 761 4068 aeternae
780 4005 945 4079 haereditas,
964 4002 1094 4062 ridemus
1112 4007 1147 4061 ut
1164 3999 1298 4084 Evange·
1396 4033 1397 4076 3

165 4089 233 4148 lista
251 4088 302 4149 uni
321 4085 427 4147 Christi
446 4089 551 4167 gratim
568 4093 659 4148 totam
682 4085 803 4148 salutem
825 4090 952 4144 nostrum
974 4081 1104 4142 ascribat.
1153 4078 1193 4142 Et
1215 4097 1296 4155 ssue,
1396 4101 1397 4140 1

165 4173 202 4230 ut
224 4187 257 4232 se
280 4167 393 4250 penitus
416 4169 561 4227 excutiant
583 4165 727 4240 homiues,
755 4162 813 4225 Dei
834 4161 900 4225 tiliis
918 4161 990 4223 nihii
1008 4161 1125 4243 dignum
1143 4161 1297 4244 reperient,

167 4247 222 4310 nisi
241 4246 321 4330 quod
338 4247 408 4328 ipsis
427 4244 558 4308 Christus
575 4245 733 4308 contulerit.

257 4354 309 4430 14.
354 4354 396 4426 nt
417 4337 531 4428 semo
554 4379 625 4428 caro
648 4355 748 4429 [actm
770 4365 832 4447 est,
854 4363 887 4424 et
906 4349 1056 4426 habitam
1075 4349 1110 4428 io
1130 4349 1240 4424 nobis:
1262 4361 1298 4422 ee
1396 4321 1397 4328 Ν
