2838 4848
190 251 250 318 130
500 259 505 275 ¹
580 235 622 300 nt
639 233 782 300 EVANG.
800 232 932 300 thNN.

93 344 98 352 “
192 348 554 431 aerumnosam
574 349 796 420 ascendentem
822 347 878 416 un
900 357 967 417 aa
986 347 1096 440 pausa
1138 351 1195 424 aa.
1228 353 1314 449 sper

192 477 247 538 tus
280 473 330 534 est
361 455 417 552 qui
447 456 594 528 virificata
627 479 700 525 earo
729 477 796 524 non
821 455 952 548 prodest
973 455 1152 550 quicqum
1210 459 1326 550 Verba,

196 597 277 668 (με
299 590 358 660 ego
379 565 495 656 loquor
515 561 620 648 vobis,
647 561 783 654 Spiritus
805 571 839 630 et
859 560 923 630 vita
939 571 1027 652 ¹srrnt.
1070 562 1125 634 64.
1157 567 1226 638 Sed
1248 581 1327 646 sunt

196 705 238 749 ex
258 674 349 746 vobis
370 670 499 766 qrridam
527 667 582 761 qui
607 667 845 738 non-credunt:
877 678 1011 737 noverat
1041 669 1128 739 enim
1159 673 1200 758 ab
1231 675 1324 744 initio

195 785 292 865 leem,
314 777 370 872 qui
391 785 498 847 essent
519 797 586 845 non
607 773 779 862 credentes,
799 783 833 845 et
854 773 926 870 quis
947 785 1042 864 esset,
1063 777 1120 870 qui
1139 778 1324 874 proditurus

195 900 262 975 erat
280 887 395 979 ipsum.
760 913 764 924 “
939 891 948 911 “
1172 928 1175 937 ‹

275 1003 667 1084 adhaeserantque
707 1023 761 1086 go.
789 997 971 1064 Loeomdesi
1027 999 1185 1080 ticenum,
1203 1010 1237 1066 nt
1255 1005 1324 1067 ecia·

157 1109 162 1118 ·
194 1107 260 1153 mus
279 1083 575 1152 multoeinteriuisee:
596 1085 660 1144 dein
679 1103 695 1144 e
711 1083 971 1142 concionemfuisse
1036 1083 1106 1144 item
1118 1085 1324 1166 utderegravi

196 1175 226 1230 et
245 1167 324 1225 seria.
345 1163 483 1244 Sequitur
500 1169 596 1223 tamen
615 1183 694 1258 mox,
713 1182 751 1222 ex
769 1169 848 1257 tanta
861 1162 945 1258 tprba
959 1164 1162 1258 vix‘paueuluoe
1176 1164 1322 1245 fuissequi

195 1241 547 1396 iiiiiiilioisiiii
559 1239 1323 1401 lttttttletttqtthttlttttttl?

195 1405 314 1466 dixisset
322 1402 512 1482 Evangelista,
531 1403 589 1462 ianr
607 1401 685 1460 istud
703 1401 763 1460 iere
776 1399 898 1481 prodigii
911 1401 977 1460 loco
991 1399 1153 1460 habendum
1166 1408 1251 1476 oeset,
1270 1401 1323 1464 sed

97 1501 102 1518 “
195 1483 274 1566 qued
282 1483 425 1544 turmatim
433 1482 582 1560 insurgunt
591 1487 619 1540 et
629 1480 712 1540 simul
721 1477 892 1574 conspirant,
952 1479 1325 1561 aleexemplumessedice-

194 1564 279 1626 mus?
298 1561 396 1640 Quare
415 1562 529 1642 penitus
548 1561 648 1620 aniuris
667 1560 771 1618 nocuis
791 1499 1002 1620 insideatllhaec
1016 1557 1142 1634 historia,
1162 1561 1322 1642 nequando

195 1642 277 1705 nobis
296 1643 441 1722 continget
451 1639 565 1700 Christo
585 1639 615 1699 lo
637 1639 714 1698 uenti
733 1637 906 1720 obstrepere.
930 1637 1053 1716 Deinde,
1072 1640 1097 1698 si
1115 1641 1185 1722 quid
1199 1641 1323 1718 taleeer·

195 1741 296 1788 namus
315 1721 399 1782 hodie
418 1722 447 1778 io
466 1719 536 1792 aliis,
555 1737 592 1778 ne
610 1660 697 1777 tidem
714 1723 843 1778 nostrum
861 1717 1012 1778 conturbet
1030 1739 1132 1779 eurum
1151 1719 1292 1816 snperbia.

274 1805 322 1864 60.
342 1804 447 1861 Diem
465 1807 507 1872 eat
526 1801 573 1858 bic
591 1819 693 1861 emeno·
719 1795 799 1874 Quin
818 1799 914 1880 potius
933 1799 963 1858 in
982 1799 1098 1858 illorum
1117 1799 1248 1860 cordibus
1261 1805 1323 1862 erut

195 1881 321 1954 durities,
340 1901 398 1939 nou
417 1880 447 1938 in
466 1897 603 1936 sermone.
628 1875 688 1936 Sed
705 1877 745 1936 ita
764 1876 858 1937 solent
875 1877 990 1958 reprobi
1005 1877 1111 1958 lapides
1119 1897 1157 1939 ex
1166 1877 1222 1938 Dei
1232 1879 1322 1939 verbo

195 1961 249 2022 eibi
268 1977 420 2040 congerere
439 1957 476 2016 ad
495 1976 567 2052 quos
590 1956 760 2037 impingant,
789 1963 820 2016 et
848 1977 939 2036 mom
963 1957 1054 2017 ferrea
1073 1977 1125 2017 sna
1143 1960 1323 2020 ooutumeia

194 2045 279 2101 mant
296 2041 433 2099 adversus
444 2035 597 2108 Christum,
617 2042 779 2116 queruntur
797 2035 902 2095 durum
921 2055 983 2098 esse
1002 2037 1063 2098 elus
1082 2056 1252 2113 sermenem,
1272 2038 1324 2120 qui

194 2121 291 2200 potius
309 2120 387 2200 ipsos
406 2115 517 2176 mollire
537 2115 678 2176 debueret.
699 2113 773 2176 Nam
793 2115 923 2196 quisquis
942 2115 1130 2176 se'bnmihter
1141 2116 1246 2177 Christi
1255 2117 1323 2176 doc·

193 2199 284 2260 trinae
304 2197 458 2270 snbndttet,
476 2195 547 2255 nihil
565 2197 596 2254 in
614 2213 649 2255 ea
668 2195 789 2276 reperiet
808 2194 913 2254 durum
931 2203 983 2255 out
999 2215 1146 2275 asperum:
1169 2195 1323 2256 incredulis

193 2297 264 2336 vero
284 2278 334 2357 qui
353 2297 383 2336 se
403 2276 584 2357 persinaciter
598 2280 752 2356 opponent,
771 2273 890 2336 malleus
905 2276 959 2335 erit
968 2281 1114 2334 conterens
1122 2281 1229 2413 petrae,
1247 2277 1324 2335 sicut

109 2368 116 2412 :
193 2355 340 2437 Propheta
364 2361 449 2427 vocat
470 2354 535 2430 (len.
555 2357 604 2429 23,
623 2354 694 2434 29.).
742 2351 835 2414 Porro
860 2373 951 2434 quum
969 2353 1067 2414 eadem
1084 2373 1123 2414 no
1143 2355 1167 2415 is
1187 2355 1323 2415 omnibus

176 2437 319 2515 'ingenita
338 2436 375 2494 sit
394 2435 520 2510 durities,
539 2435 564 2493 si
582 2453 724 2494 exsensu
743 2440 841 2494 noshu
856 2433 1013 2494 iudicemus
1023 2434 1058 2494 de
1068 2432 1174 2494 Christi
1183 2433 1324 2506 doctrina,

193 2515 314 2574 totidem
332 2513 476 2594 paradoxa
495 2520 578 2572 eruut
597 2521 669 2593 quot
686 2512 781 2574 verba
822 2511 920 2592 Quare
944 2512 1016 2573 nihil
1039 2520 1181 2594 superest,
1209 2516 1266 2573 nisi
1289 2519 1324 2574 ut

194 2592 317 2672 Spiritus
337 2592 484 2652 directioni
502 2594 623 2672 quisque
642 2613 673 2654 se
691 2593 878 2669 commendet
897 2599 931 2652 ut
949 2585 1080 2652 cordibus
1099 2593 1205 2654 noshis
1223 2594 1322 2653 inseri·

193 2672 243 2734 bat
262 2669 340 2752 quod
358 2671 465 2750 alioqui
482 2689 520 2732 nc
539 2673 570 2730 in
588 2691 671 2732 aures
689 2673 804 2753 quidem
823 2677 993 2754 metrani·
1043 2674 1121 2742 aaa
1165 2682 1238 2735 otest
1256 2697 1323 2735 mem

195 2753 316 2812 audaci
341 2748 395 2810 llio
414 2751 597 2830 perspicimus
616 2772 703 2832 quam
721 2751 844 2848 malique
864 2755 900 2812 sit
918 2751 1107 2822 incredulitas.
1161 2755 1321 2834 amquisa·

195 2831 262 2892 lutis
282 2830 438 2889 doctrinam
456 2829 541 2910 impie
560 2839 589 2892 et
608 2833 743 2892 scelerate
762 2833 899 2907 reiciunt,
919 2831 1102 2894 exmsationo
1120 2853 1180 2894 noo
1195 2833 1323 2894 contenti

195 2911 272 2971 ultro
291 2909 379 2969 filiurn
392 2907 451 2968 Dei
469 2929 550 2970 reum
569 2910 738 2972 substituere
757 2911 863 2972 audent
880 2931 934 2972 sno
953 2913 1027 2988 loeo,
1046 2917 1076 2974 et
1094 2913 1241 2995 indignum
1254 2931 1324 2994 pro·

195 2987 327 3051 nuntiare
346 2991 396 3070 qui
416 2988 552 3050 audiatur.
581 2989 623 3050 lta
641 2991 726 3051 hodie
739 2990 780 3051 Pa
802 2991 872 3052 istae
890 3011 949 3051 non
967 2992 1054 3053 modo
1069 2989 1256 3074 Evangelium
1271 3011 1321 3052 au-

195 3069 291 3130 dacter
309 3069 466 3150 repudiant,
484 3069 534 3129 sed
546 3071 636 3130 vsimul
654 3079 772 3152 crepant
781 3013 935 3132 horrendas
945 3069 1141 3153 blasphemias,
1160 3071 1322 3133 neridean·

194 3156 243 3210 tur
261 3147 368 3228 absque
387 3167 472 3208 causa
490 3169 647 3231 repugnare
660 3149 734 3210 Deo.
763 3148 802 3211 Et
820 3158 897 3212 certe
916 3171 1006 3232 quum
1024 3153 1156 3214 tenebras
1175 3157 1321 3234 appetant,

194 3249 254 3290 non
272 3229 377 3288 mirum
395 3235 444 3287 est·
457 3229 480 3288 si
499 3228 573 3289 fietis
592 3231 729 3311 portentis
747 3231 812 3291 ihus
831 3231 939 3291 deludit
957 3231 1054 3294 Satan.
1094 3231 1154 3293 Sed
1178 3232 1258 3314 quod
1276 3231 1320 3292 illi

216 3327 248 3366 ro
268 3325 320 3366 sua
338 3308 424 3367 intem
461 3308 509 3386 rie,
521 3309 596 3370 serra
615 3317 774 3390 nequeunt,
802 3331 861 3372 non
885 3313 995 3371 tantum
1014 3311 1150 3373 modestis
1169 3331 1204 3372 ao
1223 3311 1322 3371 docili·

194 3329 248 3447 bus
267 3389 321 3446 erit
338 3327 493 3463 tolerabile,
512 3389 563 3450 sed
583 3409 633 3449 eos
653 3392 741 3470 eriget
760 3407 795 3450 ae
813 3389 968 3450 susdnebit.
1006 3389 1117 3453 Interea
1134 3388 1250 3470 reprobi
1268 3389 1319 3450 ob·

194 3467 328 3549 streperis
347 3467 406 3526 suis
425 3469 557 3528 conviciis
576 3469 646 3529 nilril
664 3489 751 3550 quam
771 3471 883 3551 gravius
902 3469 955 3529 sibi
974 3472 1093 3530 eutium
1111 3474 1265 3530 accerserat.

272 3550 309 3609 61
331 3554 360 3606 et
380 3549 426 3609 62.
465 3549 551 3608 lenem
569 3559 667 3609 aretem
684 3573 774 3633 quum
791 3558 924 3610 decimet.
963 3548 1077 3610 Sciebat
1099 3549 1214 3629 quidem
1233 3545 1319 3607 Chri·

194 3634 254 3687 stne
274 3627 458 3686 offensionem
478 3647 495 3686 a
514 3628 641 3707 reprobis
661 3634 827 3709 conceptam
845 3649 904 3690 non
924 3647 1008 3711 posse
1025 3629 1096 3688 tolli.
1119 3623 1220 3708 Neque
1240 3629 1321 3688 enim

193 3713 252 3764 tarn
273 3727 321 3764 eos
341 3707 471 3765 vulnerat
490 3707 626 3780 doctrina,
646 3727 732 3786 qnam
748 3710 896 3845 putridum
917 3709 996 3789 quod
1008 3708 1084 3768 intus
1097 3705 1319 3768 inoordeulens
1393 3723 1409 3744 ⁸

194 3785 305 3844 alebant
325 3785 437 3864 detegit.
466 3783 565 3845 Voluit
584 3793 680 3844 tamen
699 3807 746 3845 mo
768 3789 791 3846 is
810 3785 939 3848 ominibus
959 3787 1091 3870 experiri,
1109 3808 1179 3848 num
1193 3789 1258 3867 quie
1277 3788 1320 3847 in·

195 3869 238 3920 ter
257 3883 305 3920 eos
326 3867 375 3943 qui
396 3867 496 3924 offensi
515 3866 626 3924 suerunt
646 3865 776 3926 sanabilis
796 3867 889 3926 adhue
908 3875 997 3942 esset,
1026 3867 1143 3947 reliquie
1168 3874 1266 3927 autern
1285 3885 1319 3926 os

195 3941 349 4001 obstruere.
374 3943 575 4024 interrogando
595 3945 733 4024 significat
753 3945 859 4006 nuttam
878 3967 928 4006 eos
943 3967 1058 4008 causam
1072 3947 1186 4019 habere,
1206 3946 1253 4004 vel
1265 3945 1318 4005 sal-

194 4027 255 4078 tem
272 4022 301 4078 in
322 4021 447 4082 doctrina
467 4026 527 4104 ipsa
545 4023 660 4082 minime
678 4042 740 4085 esee
759 4027 883 4092 scandali
903 4029 1057 4088 materiam.
1092 4026 1142 4087 Sic
1162 4025 1319 4086 cohibenda

105 4161 114 4176 ,
195 4105 236 4156 est
257 4118 354 4158 eornm
374 4101 547 4182 improbitas,
567 4105 616 4183 qui
636 4107 735 4164 canirra
754 4113 866 4166 tantum
885 4102 962 4166 rabie
978 4108 1079 4186 perciti
1095 4104 1318 4167 verboDeima·

194 4175 326 4252 Indicant,
345 4181 504 4260 castiganda
524 4203 640 4262 quoque
657 4204 756 4244 eorum
776 4185 891 4246 stultitia
911 4183 961 4264 qui
980 4189 1087 4246 temere
1101 4192 1202 4246 contra
1217 4186 1319 4247 verite·

194 4261 252 4314 tem
272 4263 367 4317 ruunt.
396 4257 474 4322 Dicit
487 4261 580 4322 lesum
599 4263 629 4321 in
648 4283 678 4324 se
697 4263 761 4346 ipso
775 4265 896 4338 uomere,
917 4265 983 4344 quia
998 4265 1041 4325 illi
1055 4265 1184 4327 nondum
1197 4267 1319 4403 ingane

193 4335 371 4473 protulerant
390 4339 459 4418 quid
478 4361 528 4401 eos
547 4339 704 4418 morderet,
733 4341 783 4404 sed
801 4345 888 4418 tacito
907 4363 1055 4405 murmure
1074 4345 1148 4404 inter
1168 4363 1199 4404 se
1290 4362 1319 4402 e·

213 4421 270 4475 ana
298 4413 449 4482 Praevenit
467 4439 535 4500 ergo
555 4427 666 4501 apertas
684 4443 784 4484 eorum
802 4423 1001 4504 querimoniae.
1030 4423 1090 4484 Sed
1109 4422 1222 4484 obiiciat
1242 4423 1319 4506 qnis-

1403 4769 1407 4827 t
