2838 4848
188 238 247 304 144
567 227 608 293 [Ν
630 225 773 292 EVANG.
797 225 928 294 lOANN.

187 349 331 419 Christus
351 355 457 416 annm
478 345 586 436 quum
598 339 718 425 venriet,
745 361 842 410 nemo
862 337 1044 431 cogniturus
1064 350 1128 426 ent,
1153 345 1242 414 unde
1263 347 1314 418 eta.

187 459 243 525 28.
264 452 425 522 Clamabat
445 473 520 542 ergo
540 447 629 516 Iesus
651 445 685 514 in
703 443 826 540 templo
847 445 976 530 deceno,
996 453 1030 514 et
1049 446 1172 534 dicens,
1194 449 1239 519 Et
1259 469 1315 523 me

186 561 297 646 nostis,
319 570 351 628 et
371 555 472 625 nostis
492 553 576 652 unde
598 552 672 622 sim:
693 561 727 621 ct
747 575 766 620 a
787 571 839 621 me
860 551 931 644 ipso
952 571 1019 618 non
1040 551 1123 640 veni,
1144 555 1314 627 sedverax

186 678 244 754 est,
266 663 320 761 qui
341 662 508 744 misitne,
530 683 624 751 quem
646 680 707 728 voe
727 680 794 726 non
814 657 924 728 noetio.
956 656 1011 726 29.
1022 655 1093 751 Ego
1109 657 1215 730 autern
1232 665 1313 734 now'

186 800 275 858 eum,
308 770 379 864 quia
400 767 439 836 ab
460 767 531 859 ipso
552 787 639 849 sum,
671 773 705 834 ct
731 763 783 833 itta
808 785 862 833 me
888 761 983 831 misit.
1033 765 1088 835 30.
1110 765 1313 852 Quaerebant

184 903 261 973 ergo
293 899 367 948 cum
399 871 676 964 comprehendere:
710 879 744 939 et
772 864 868 940 nemo
895 868 980 944 misit
1005 867 1040 944 ln
1067 887 1143 943 eum
1169 894 1313 964 manum,

184 987 258 1080 quia
278 980 421 1052 nondum
442 987 570 1049 venerat
590 977 669 1048 bora
688 973 766 1046 eiua
1120 969 1124 976 ’

261 1146 309 1211 2²5.
351 1144 478 1221 Quidum
496 1161 534 1206 ec
551 1141 835 1224 llteroeolpmttoota
879 1137 992 1224 Quibnt
1016 1145 1123 1210 tutet
1145 1147 1310 1228 compertae

182 1234 264 1292 erant
286 1225 446 1308 principum
470 1225 599 1298 insidiae,
626 1229 657 1284 et
680 1222 730 1302 qui
753 1221 879 1284 sciebant
902 1231 1077 1307 quantopere
1099 1227 1210 1288 inviam
1233 1233 1309 1287 esset

183 1308 327 1370 Christus:
346 1325 413 1367 narn
432 1305 624 1385 promiscuam
642 1302 754 1384 vulgus,
774 1307 808 1364 ut
825 1302 911 1383 panlo
932 1311 998 1366 ante
1006 1307 1099 1366 mum
1112 1313 1165 1382 eet,
1184 1303 1308 1385 hooprn

180 1388 292 1450 somnio
311 1392 361 1446 ant
379 1385 477 1446 delirio
496 1383 624 1444 habebat.
642 1379 693 1442 loti
711 1400 780 1476 ergo
800 1383 850 1462 qui
867 1391 974 1444 nonunt
988 1404 1074 1466 quanm
1086 1387 1126 1446 im
1147 1385 1240 1446 utenti
1255 1383 1305 1444 ad·

179 1485 280 1608 me
299 1463 1111 1611 heumanni,
1149 1463 1307 1606 ma

179 1627 245 1701 tari,
264 1587 314 1686 :ed
333 1565 520 1684 libequi'etiam
538 1621 711 1683 concionari:
731 1619 782 1680 sed
799 1620 830 1684 in
848 1563 1024 1702 eoppeoeant,
1043 1565 1307 1704 quodlnmiraouto

177 1723 296 1789 promus
315 1703 411 1764 divino
430 1721 488 1763 non
507 1705 640 1783 reputant
652 1697 709 1760 Dei
725 1699 942 1780 providentiam.
971 1699 1024 1764 Sic
1042 1703 1169 1764 menalca
1177 1702 1307 1764 hominen

179 1783 290 1866 quoties
308 1783 453 1844 insolitum
472 1781 587 1862 aliquod
605 1784 724 1840 cernunt
741 1776 799 1838 Dei
818 1798 905 1860 apua,
933 1780 1073 1844 ιιιίιιιιιιιιι·
1097 1783 1227 1862 quidem,
1255 1779 1306 1842 aed

177 1865 257 1924 nulla
276 1864 388 1924 divinae
405 1862 517 1924 virtutis
536 1859 722 1924 consideratio
739 1860 795 1922 illia
811 1857 928 1920 interim
947 1859 977 1920 in
995 1865 1120 1922 mmlem
1138 1859 1223 1920 cubit.
1236 1867 1238 1872 '
1251 1859 1304 1920 At·

177 1945 231 2024 qui
249 1949 378 2003 nostrum
397 1948 442 2002 eet
459 1940 625 2023 prudentius
644 1939 805 2021 expendero
823 1938 881 2000 Dei
900 1958 1000 2020 operar
1029 1939 1195 2022 praesertim
1213 1951 1305 2018 quum

176 2023 258 2104 impii
276 2023 372 2082 omnia
389 2021 577 2082 machinando
595 2019 742 2101 Evangelii
761 2038 877 2081 cursum
898 2037 958 2080 non
981 2019 1140 2102 impediunt
1161 2023 1196 2080 ut
1220 2035 1305 2100 cupe-

133 2143 138 2154 ·
176 2109 255 2176 rent,
281 2108 359 2164 certo
383 2101 563 2164 statuendum
582 2107 627 2160 eet
650 2099 747 2162 irritos
770 2117 833 2162 ease
850 2115 952 2161 eorum
970 2106 1105 2178 uenatus,
1134 2101 1204 2183 quia
1222 2095 1305 2160 Deua

175 2182 308 2264 opposita
325 2199 413 2241 manu
431 2200 484 2240 eun
502 2199 552 2242 coe
572 2179 712 2240 disiiseiat.
999 2181 1001 2186 '

255 2262 304 2328 27·
325 2262 384 2322 sat
400 2269 534 2322 numanae
551 2261 627 2320 uada
646 2261 693 2319 bic
711 2263 760 2318 ait.
788 2251 845 2318 Hie
863 2251 992 2320 videmus
1008 2273 1067 2322 non
1086 2251 1175 2320 modo
1194 2259 1304 2338 (1110le

174 2341 213 2402 ait
230 2339 380 2402 hominum
398 2341 529 2414 coecitas,
548 2337 597 2400 ubi
615 2337 796 2398 iudicandum
814 2341 860 2398 eet
878 2337 915 2400 de
932 2337 1017 2400 rebua
1034 2337 1149 2400 ιίἰιὶιιίιι
1175 2338 1226 2398 aed
1245 2336 1304 2398 hoo

173 2420 231 2560 eall.
249 2421 350 2557 vlptium
368 2418 429 2516 lere
447 2418 722 2555 essedinnatumqipt
739 2416 886 2513 ingeniosi.
896 2417 954 2557 sipi
971 2415 1232 2558 ιιέἑιιιιιιιᾱιᾱεὶδί
1239 2415 1305 2557 ἑξ

219 2518 255 2560 cn
376 2517 469 2558 nnnne
489 2515 506 2556 a
544 2515 605 2558 verr
622 2515 662 2556 no
706 2515 753 2556 am
792 2515 843 2558 erv

173 2540 299 2638 Satanae⁷
317 2518 472 2637 Quaerunt
488 2575 629 2650 seandala,
648 2593 722 2656 quae
741 2515 1304 2657 plpromcqqffimproqputffffl

173 2657 200 2717 ei
213 2655 386 2750 plaqnecaet
394 2673 428 2714 ao
437 2655 590 2750 aequabilia
602 2655 658 2731 via,
677 2656 799 2737 quisque
808 2655 861 2716 sibi
873 2655 1037 2716 scandalum
1045 2654 1173 2736 lingeret
1193 2653 1303 2734 Quam·

98 2761 101 2768 ·
172 2733 498 2876 aefflfflenffififfiim
516 2733 810 2874 suiseqqthprinssqipep,
830 2735 1009 2875 oodlpmeoaem
1030 2735 1211 2874 incredulptas
1232 2733 1302 2796 huie

258 2833 312 2874 eo
391 2832 590 2874 meannnec
671 2835 817 2874 oonn
912 2834 948 2875 en
998 2833 1106 2875 novam
1167 2834 1220 2875 rea

171 2893 434 2968 comminiscuntur,
453 2912 490 2954 ne
509 2893 546 2952 ad
564 2893 651 2954 fidem
668 2835 899 2957 accedantplmo
917 2914 1007 2974 quum
1027 2833 1189 2976 principium
1206 2833 1302 2955 effi

171 2973 223 3056 plo
242 2991 295 3054 par
313 2979 388 3033 creet
405 2991 454 3032 eoo
473 2972 591 3046 moveri,
609 2973 681 3034 adeo
699 2992 759 3033 non
778 2993 808 3034 oe
851 2977 937 3034 untur
989 2973 1028 3034 od
1040 2980 1213 3048 mettameet,
1228 2974 1301 3033 utin

171 3053 266 3134 primo
285 3051 376 3134 gmdu
394 3058 496 3132 sponte
514 3052 679 3133 impingant.
722 3051 766 3112 lta
785 3071 799 3112 o
837 3054 891 3113 'eet
910 3053 929 3111 d
966 3072 1030 3114 cem
1048 3073 1120 3114 mox
1139 3053 1230 3114 colent
1248 3051 1300 3111 ho·

171 3133 263 3192 mineo
283 3133 334 3214 qui
352 3131 424 3192 benc
442 3132 537 3192 exorsi
554 3138 645 3206 mant,
662 3131 718 3192 nisi
726 3129 868 3192 Dominus
881 3131 916 3192 ad
928 3138 1088 3194 extremum
1101 3149 1300 3214 nequeeorum

170 3231 342 3350 {mewa
358 3211 468 3306 dirigat.
515 3209 608 3270 Porro
633 3218 832 3350 argumentum
856 3231 914 3292 qno
928 3230 970 3307 ‘sc
988 3211 1148 3307 impediunt
1165 3211 1223 3271 tale
1241 3216 1300 3270 eata

170 3289 1191 3451 npppqipnlgppdequtffimaelprprgpoppoetaghltpppptqffidgpnprhnp
1202 3295 1300 3428 galli?

167 3468 334 3530 numquam
346 3449 466 3520 mitialh
476 3469 522 3509 ree
532 3451 570 3509 eit
578 3449 740 3532 Scripturas
750 3450 882 3524 lacerare,
902 3449 1030 3528 adeoque
1040 3447 1298 3527 Chr-iatumipsurn,

169 3536 205 3590 nt
223 3529 338 3592 dimidia
355 3537 468 3590 tantum
488 3530 532 3589 sui
551 3537 631 3610 parte
651 3536 806 3590 cenaeatnr.
835 3527 916 3590 Deua
934 3527 1113 3588 liberatorem
1132 3546 1169 3586 ex
1188 3527 1298 3596 semino

169 3607 289 3672 Davidie
307 3611 450 3692 promisit:
471 3609 550 3688 atqui
568 3611 674 3704 pamim
692 3609 749 3668 hoc
762 3607 815 3668 eibi
827 3627 931 3668 munna
940 3615 1075 3687 tanquam
1087 3606 1139 3665 cibi
1168 3627 1201 3666 ro
1221 3605 1299 3666 rium

168 3689 301 3751 vindicat.
349 3687 426 3771 Ergo
449 3687 546 3748 Deum
568 3707 599 3746 m
623 3707 707 3747 came
725 3687 896 3747 mmilcstaoi
915 3687 1055 3768 oportuit,
1084 3685 1134 3763 qui
1147 3626 1298 3745 baalam

168 3785 237 3827 arrae
255 3767 350 3828 redem
370 3776 417 3828 tor
434 3773 517 3828 esset
557 3764 608 3825 Sic
626 3765 767 3826 bliehaeae
786 3764 828 3843 (5,
838 3767 879 3846 2)
889 3765 982 3826 locum
993 3763 1128 3861 designat,
1147 3763 1298 3836 ubinaeci-

168 3851 250 3906 toruo
269 3848 306 3906 ait
325 3846 350 3906 C
386 3849 468 3908 ‘tusa
488 3844 535 3904 Ex
553 3851 593 3921 te,
610 3845 712 3940 inquit,
731 3844 897 3906 Bethlehem
911 3845 970 3905 dax
984 3851 1137 3918 exorietur,
1178 3844 1299 3938 uiregat

167 3921 533 4083 llloellthllglrlllglrntlllurnsetll
547 3931 684 4064 {llllnlnulffi
702 3925 1082 4085 madissfflffi
1096 3941 1298 4076 ibliclrolrirffir

167 4081 238 4142 dnm
256 4081 327 4144 nihil
345 4083 375 4144 in
395 4083 510 4144 Christo
528 4083 682 4164 respiciunt
699 4084 755 4145 nisi
774 4083 853 4164 quod
872 4083 1016 4164 despectui
1035 4083 1171 4156 subiacet,
1190 4087 1297 4142 temera

167 4160 305 4242 eolligunt
323 4180 382 4222 non
401 4182 467 4223 eum
486 4179 548 4222 ecoe
567 4163 617 4242 qui
635 4163 790 4243 promiaam
809 4161 911 4224 luerat.
935 4161 985 4224 Sic
1004 4162 1091 4244 igitur
1110 4160 1246 4222 humilem
1264 4161 1296 4219 in

167 4260 252 4300 came
272 4239 418 4302 Christum
436 4241 539 4304 intueri
558 4241 696 4302 dbcanrne
715 4250 750 4302 nt
767 4241 851 4317 haec,
875 4259 950 4322 qnae
973 4241 1009 4301 ab
1028 4241 1123 4322 impiis
1143 4239 1298 4321 despicitur

166 4319 320 4396 humilitas,
338 4339 392 4380 noe
411 4321 447 4380 ad
467 4321 616 4382 coelestem
634 4323 695 4382 eiua
715 4321 834 4403 gloriam
846 4319 963 4400 evehat.
987 4319 1037 4380 lta
1049 4319 1226 4392 Bethlehem,
1246 4317 1297 4378 ubi

167 4401 245 4462 nasci
254 4397 350 4462 debuit
359 4399 543 4476 homo,ianna
553 4399 634 4462 nobis
644 4403 696 4468 erit
706 4419 761 4482 qua
773 4399 808 4462 ad
817 4407 965 4462 aeternum
973 4397 1069 4465 Deum
1079 4398 1191 4480 ingredi
1203 4398 1296 4459 liceat.
