2742 4856
528 197 656 262 untur
673 195 742 262 XVi
1140 203 1199 268 297

81 319 146 411 ipso·
160 314 240 377 suello
258 313 408 410 qolllgitur.
448 309 524 389 lbut,
552 315 651 388 lateor,
676 316 748 377 tlara
772 320 801 374 et
818 313 957 412 laboriosa
975 315 1080 390 vetmis'
1098 317 1200 398 paeda·

83 394 1201 550 titt,*stltattttttttttlttt„multtum

83 557 166 614 etiam
194 553 359 634 hypocritas
390 553 540 634 plerosque
568 555 622 612 rite
650 562 805 634 excoteque
834 574 896 615 asse
921 555 1087 615 defunetos.‘
1122 552 1202 632 Quin

83 635 166 694 etiam
184 632 253 712 Legi
272 632 375 692 morali
393 633 628 692 satiassem-ouon
648 653 738 714 usque
757 635 828 694 adeo
848 635 961 694 difficile
979 635 1065 708 toret,
1096 636 1120 693 si
1139 653 1201 694 eor-

83 712 172 790 porali
190 719 304 772 tantum
323 711 458 790 obsequio
477 718 610 772 contenta
633 733 693 774 uon
716 715 845 796 exigeret·
866 715 1038 795 spiritualem
1057 717 1201 773 iustitiam.

82 791 183 850 bladus
208 795 285 852 enim
309 798 338 850 et
357 791 442 872 pedes
461 791 569 850 frenare
588 793 685 852 multis
710 793 807 852 datum
831 800 898 868 est,
916 794 966 854 sed
994 795 1034 851 ita
1063 793 1203 854 moderari

82 891 181 930 omues
210 872 342 944 allectus,
372 879 404 930 ut
429 877 485 930 tam
510 872 538 930 in
558 873 650 930 anima
670 891 756 950 mam
773 874 805 932 iu
824 891 944 952 corpore
962 874 1085 953 perfecta
1105 879 1204 952 regnet

83 950 249 1010 abstinentia
268 959 297 1010 et
315 951 437 1031 puritas,
466 949 521 1008 hoe
545 969 614 1010 roro
633 951 697 1030 plus
717 971 803 1032 mam
822 959 865 1012 est
883 952 1011 1010 arduum.
1032 979 1036 989 ⁴
1052 949 1149 1028 Quare
1168 954 1203 1011 ri·

84 1030 170 1090 diculi
190 1037 257 1090 sunt
275 1034 324 1110 qui
343 1027 418 1089 Petri
441 1029 523 1088 verba
538 1031 713 1110 'restringunt
732 1033 767 1090 ad
788 1033 970 1104 ceremonias,
989 1031 1091 1110 quibus
1111 1034 1203 1110 aspri,

83 1110 171 1168 mitur
190 1109 337 1170 homiuum
356 1109 529 1169 imbecillitas
555 1109 590 1167 ad
615 1111 810 1189 praestandam
834 1111 927 1170 cordis
950 1112 1098 1185 iustitiam,
1129 1129 1203 1190 quae

84 1191 254 1249 nonmodo
279 1190 362 1268 longe
386 1191 513 1269 superior·
536 1196 579 1248 ost
601 1208 700 1249 eorum
722 1191 852 1263 viribus,
874 1191 924 1250 sed
947 1195 1065 1250 naturae
1087 1205 1204 1270 prorem

84 1269 233 1332 contraria.
274 1267 385 1328 Feiellit
403 1270 507 1328 scilieet
526 1267 661 1362 eos,'qui
680 1269 721 1328 sio
740 1271 864 1329 sentiunt
882 1288 940 1329 una
959 1272 1046 1341 ratio,
1071 1269 1149 1349 quod
1168 1269 1206 1329 de

84 1349 154 1406 solis
171 1351 342 1415 ¹ceremoniis
367 1355 445 1407 mota
469 1351 596 1426 quaestio
619 1353 722 1410 luerat:
751 1349 801 1409 sed
824 1369 883 1408 uon
902 1351 981 1410 veuit
1004 1349 1058 1407 illis
1078 1351 1107 1408 in
1126 1367 1204 1407 men·

42 1433 152 1501 stem,
171 1426 291 1488 Petnrm
312 1431 454 1501 attentius,
479 1434 511 1484 ut
529 1427 654 1500 decebat,
675 1429 898 1508 prudentiusque
916 1429 1116 1501 considerasse,
1135 1446 1204 1506 qua·

82 1506 139 1566 lem
164 1525 263 1568 seeum
288 1506 480 1585 labyrinthum
505 1525 583 1566 error
606 1508 636 1564 iu
655 1509 778 1586 speeiem
796 1509 867 1568 teris
886 1508 1019 1567 ualeret.
1059 1505 1205 1586 Negabant

80 1587 315 1668 pseudoapostoli
335 1604 495 1666 quenquam
515 1587 635 1644 salutem
653 1588 787 1666 consequi
827 1606 903 1660 osse,
932 1588 986 1647 nisi
1011 1588 1061 1668 qai
1079 1605 1204 1646 omemo·

80 1669 142 1726 arias
161 1673 298 1726 servaret.
339 1666 371 1726 Si
391 1664 522 1745 operibus
540 1657 671 1744 alligitur
689 1608 834 1726 bominudr
854 1666 939 1739 salus
957 1685 1015 1724 nou
1035 1652 1155 1746 amplios
1174 1667 1206 1724 in
1302 1697 1306 1710 ·

82 1744 190 1806 Christi
209 1749 299 1828 gratia
319 1744 434 1805 fundata
453 1745 518 1803 erit:
548 1750 634 1822 atque
658 1746 696 1804 ita
716 1744 846 1804 concidet
864 1745 985 1824 gratuita
1005 1745 1205 1806 reconciliatio.

79 1823 150 1884 laun
195 1847 265 1885 unm
293 1827 416 1906 impares
444 1825 501 1882 sint
523 1821 670 1882 hominum
695 1826 769 1883 vires
793 1824 947 1882 servandae
966 1822 1048 1902 Legi,
1077 1825 1207 1885 omnibus

21 1960 24 1968 .
80 1903 146 1964 ioou
200 1908 222 1965 it
241 1905 413 1978 maledictio,
432 1921 518 1982 quam
537 1902 598 1962 illic
615 1901 695 1962 Deus
714 1901 965 1983 transgressoribus
985 1904 1145 1962 denuntiat:
1165 1909 1206 1959 at

79 2003 137 2063 que
167 1987 209 2043 ita
234 1985 393 2064 desperatio
418 1999 515 2042 omnes
538 1981 676 2056 manebit,
705 1985 795 2062 quum
814 2001 844 2040 se
862 1981 976 2044 rideant
995 2000 1060 2040 reos
1078 1987 1209 2040 aeternae

78 2065 184 2122 mortis
205 2084 222 2122 a
241 2061 317 2142 Lege
338 2064 446 2142 peragi.
487 2061 566 2122 Haec
594 2061 669 2121 forte
691 2061 923 2142 pseudoapostoli
946 2059 1045 2119 callide
1063 2059 1208 2132 tenebant,

77 2143 129 2202 sed
147 2141 251 2202 Petrus
271 2143 308 2201 ad
325 2144 439 2202 iontem
453 2143 546 2223 ipsum
567 2147 703 2221 penetrat,
723 2151 755 2200 ut
775 2140 952 2200 mortiterum
971 2139 1115 2198 doctrinae
1133 2137 1209 2198 illius

76 2241 226 2282 venenum
246 2229 327 2282 eruat
344 2223 374 2282 iu
393 2223 501 2284 lucens:
530 2228 617 2300 atque
635 2223 674 2279 ita
692 2220 774 2279 nobis
793 2220 933 2299 agendum
946 2227 1009 2294 est,
1028 2218 1139 2312 quatiam
1154 2217 1209 2276 im*-

76 2305 144 2383 pios
165 2321 280 2360 errores
303 2300 418 2380 oblique
441 2303 564 2361 insinuat
582 2298 680 2359 Satan.
719 2299 812 2360 llodie
830 2297 998 2378 quibusdam
1018 2296 1149 2358 ridemur
1168 2297 1209 2356 nl·

75 2383 133 2442 mis
155 2381 340 2458 commotioni,
370 2401 459 2460 quum
483 2387 632 2460 tantopere
656 2399 829 2460 pugnamus,
858 2395 998 2438 comesse
1017 2396 1077 2457 pro·
1090 2377 1211 2436 mortuis

75 2461 239 2521 orandum:
267 2480 334 2520 nam
359 2468 389 2519 et
412 2479 474 2520 mos
497 2461 707 2520 vetustissimus
731 2466 789 2534 est,
817 2477 871 2518 nec
892 2458 1016 2517 multum
1039 2463 1158 2536 apparet
1180 2456 1210 2513 in

74 2540 368 2699 :ttt‘tt‘ttglt
386 2537 1110 2700 ttttttttttt,ltttttatttrttt
1129 2536 1211 2674 'liii

375 2661 383 2692 ,
1108 2659 1115 2674 .

98 2719 171 2758 urro
193 2697 318 2758 iudicant
336 2701 458 2780 imperiti
477 2699 618 2772 homines,
648 2699 714 2778 quia
736 2699 846 2758 sontem
864 2699 959 2777 ipsum
977 2717 1036 2756 non
1055 2695 1210 2774 inquirunt.

73 2720 156 2839 K'anr
179 2777 204 2835 si
224 2779 396 2839 admittimus
415 2789 468 2861 pro
488 2781 607 2838 mortuis
627 2779 766 2838 orandum
784 2797 861 2851 esse,
891 2777 976 2858 simul
1000 2777 1057 2836 lioo
1075 2776 1226 2866 recipiam.

74 2860 161 2919 dum,
177 2860 246 2930 erit,
274 2879 379 2940 poenas
403 2879 480 2918 nuno
499 2860 609 2918 solvere
629 2857 686 2918 Dei
708 2859 826 2928 iudicio,
850 2858 933 2936 quod
957 2858 987 2916 io
1007 2856 1137 2915 haesita
1157 2873 1210 2949 pro

74 2939 210 3020 peccatis
228 2959 287 2998 non
306 2939 505 2998 satisfecerint:
526 2940 606 3017 atqui
625 2937 680 2997 hoo
699 2938 785 2996 mulo
804 2938 849 2996 ris
868 2937 1109 3030 expiationis-per·
1128 2933 1210 2992 Gbm·

74 3027 159 3078 stum
181 3025 312 3097 peronae
333 3018 369 3078 ad
388 3019 536 3076 bominum
556 3036 642 3096 opera
661 3017 842 3079 translertur:
872 3016 974 3074 demde
996 3015 1134 3074 evertitur
1157 3015 1212 3072 rite

97 3097 221 3158 recondi
240 3098 345 3178 regula,
365 3099 390 3154 si
408 3097 569 3154 hominibus
589 3097 655 3155 licet
674 3097 792 3155 lor-tuito
806 3096 916 3172 precari
929 3093 1036 3172 absque
1046 3091 1102 3150 Dei
1111 3089 1211 3150 verbo:

75 3119 153 3236 llaec
185 3178 391 3244 etiummaior
419 3179 462 3233 est
492 3173 664 3248 absurditas,
681 3193 780 3253 vquarn
805 3181 837 3232 ut
860 3173 1006 3266 praeteriri
1031 3170 1140 3230 debeat.
1178 3168 1213 3228 ln

76 3276 211 3330 summa,
240 3273 387 3334 uunquam
412 3259 523 3313 rectum
543 3253 577 3312 de
597 3253 655 3311 ulla
675 3253 839 3332 quaestione
858 3251 991 3310 iudicium
1012 3251 1131 3321 leretur,
1158 3250 1214 3329 nisi

76 3338 165 3396 sorite
188 3337 302 3415 penitus
321 3333 604 3393 exoussodeductoe
629 3333 732 3390 luerint
757 3351 854 3388 ornnes
878 3331 1113 3409 consequentiae,
1142 3347 1213 3406 quas

76 3436 183 3475 secum
202 3416 303 3473 *trabit
326 3433 399 3495 quae
423 3414 452 3474 iu
477 3414 699 3472 controversiam
723 3413 801 3468 venit
824 3410 958 3469 doctriua.
999 3409 1068 3468 ldeo
1085 3427 1142 3466 non
1163 3409 1214 3465 mi·-

76 3515 148 3555 rum
171 3493 197 3554 si
216 3493 332 3566 Petrus,
354 3503 387 3552 ut
406 3492 661 3572 pseudoapostolos
680 3488 811 3549 extrahat
829 3503 851 3547 o
865 3489 924 3548 suis
944 3486 1071 3560 latebris,
1088 3505 1214 3567 genera·

75 3577 148 3634 liter
170 3574 296 3653 disputat
316 3575 351 3632 do
369 3571 524 3650 totaLege,
544 3573 611 3650 quia
630 3571 699 3629 nibil
716 3589 800 3648 quam
820 3571 880 3627 rom
900 3569 1000 3648 ipsam,
1021 3565 1215 3646 quaooccolta

77 3660 147 3714 erat
169 3653 351 3732 simplicibus,
370 3655 461 3734 aperit
481 3658 514 3711 ut
533 3652 646 3710 videant
666 3669 772 3720 omnes,
793 3669 880 3730 quam
899 3649 1021 3708 exitialis
1040 3647 1215 3708 sitdoctrina

101 3753 161 3792 uae
182 3739 212 3792 et
231 3731 337 3792 Christi
357 3733 475 3812 gratiam
493 3732 659 3810 exstinguit,
678 3737 706 3786 ct
726 3730 833 3788 animas
854 3729 989 3808 demergit
1009 3728 1038 3787 ia
1059 3726 1214 3788 horrendae

78 3755 292 3893 desperationis
311 3811 456 3890 abyssum.
1082 3815 1085 3820 '

167 3893 272 3973 Neque
300 3913 368 3964 nos,
396 3913 487 3973 nepte
510 3895 615 3968 'potres
643 3897 746 3950 amara
791 3887 855 3948 Non
880 3887 1007 3968 disputat
1032 3891 1143 3945 ‘mutum
1162 3882 1214 3943 Pe-

76 3980 163 4044 trus,
188 3972 255 4050 quid
277 3990 362 4050 opere
381 3971 445 4050 ipso
465 3969 654 4050 praestiterint
673 3967 816 4038 homiues,
844 3968 893 4026 sed
915 3967 983 4046 quid
1003 3973 1146 4046 praestare
1165 3981 1215 4044 po-

77 4051 206 4109 tuerint:
235 4069 292 4109 neo
318 4051 354 4108 do
382 4050 488 4128 vulgo·
502 4048 649 4108 honrinum
674 4053 782 4108 mutum
808 4049 949 4127 loquitur,
980 4047 1029 4106 sed
1054 4045 1089 4102 de
1113 4047 1215 4104 sonatis

77 4128 229 4190 Patribus.
269 4127 368 4206 Quum
386 4128 423 4186 ab
442 4129 503 4186 istis
521 4131 606 4206 neget
624 4127 754 4206 potuisse
770 4127 835 4186 ferri
855 4125 938 4206 Legis
961 4128 1076 4206 iugum,
1106 4130 1216 4184 oonsmt

78 4207 193 4286 Legem
218 4209 372 4268 observatu
393 4207 596 4287 impossibilem
619 4223 690 4264 esse.
735 4207 804 4267 Soio
829 4204 1216 4284 dictumflierouymipas·

79 4289 143 4344 sim
162 4289 202 4347 ita
221 4294 367 4368 receptum
386 4305 464 4359 esse,
494 4293 526 4346 ut
550 4288 587 4345 sit
610 4287 690 4364 quasi
714 4286 860 4346 indubium
885 4287 1011 4359 ummo,
1041 4283 1074 4346 si
1135 4287 1141 4298 ’
1177 4283 1216 4342 di·

79 4366 164 4426 xerit
182 4367 354 4449 impossibile
373 4385 437 4428 esse
455 4385 568 4427 serram
586 4363 707 4447 Legem,
735 4367 886 4428 anathema
900 4368 971 4426 'site‘
989 4366 1040 4426 sed
1058 4383 1103 4425 mo
1166 4361 1216 4420 ho
