2742 4856
543 213 672 279 CAPUT
689 214 770 280 xm.
1156 222 1214 288 241

81 333 232 418 rpeenbu
256 349 395 394 mannrrm
413 331 559 414 inpomio
578 352 666 414 rupen
684 331 806 396 Paulum
825 337 855 394 et
873 329 1050 408 Barnabnn,
1075 353 1163 415 qnam
1182 345 1216 398 nt

83 435 136 474 eoe
159 412 225 472 Deo
250 413 365 472 offerret
383 409 509 472 Ecclesia
534 421 563 473 et
581 432 633 473 ono
660 432 800 474 romanon
827 412 922 496 palum
951 419 1084 474 testatum
1107 415 1216 478 faceret

82 495 219 554 divinitus
250 493 303 550 iltis
333 492 493 551 iniunctam
521 491 577 551 boo
604 511 708 552 anunm
736 509 806 552 eree.
857 491 930 553 Nam
960 495 1074 553 vocatio
1100 497 1214 576 proprie

81 575 174 712 lsolius
192 571 266 710 Dedi
274 572 340 632 inita
370 577 487 631 externa
511 578 607 632 autern
631 572 771 632 ordinatio
790 569 948 647 Ecclesiae,
977 573 1064 652 idque
1087 593 1124 633 ex
1150 593 1214 636 one-

94 654 148 714 esti
167 671 235 713 orno
266 673 293 712 o.

170 828 203 900 4.
248 831 295 899 llli
328 857 402 924 ergo
437 834 543 930 emissi
571 859 587 902 a
611 835 730 926 Spiritu
758 843 867 902 sancto
895 833 1026 930 proiecti
1053 845 1128 904 aunt
1161 835 1215 906 Se

80 941 228 1023 leucum,
249 949 282 1006 et
300 938 383 1007 iude'
395 939 582 1030 navigarunt
602 941 635 1008 in
658 939 811 1031 Cyprum.
861 939 893 1004 5.
915 937 958 1006 Et
985 963 1086 1030 quum
1099 955 1215 1010 essent

16 1061 22 1072 ’
83 1045 260 1126 Salamine,
297 1046 519 1112 annuntiarunt
545 1068 725 1122 sermonem
758 1045 820 1113 Dei
847 1045 881 1110 in
908 1047 1076 1137 synagogis
1104 1046 1214 1114 ludae-

85 1174 190 1217 orum.
237 1149 401 1218 Habebant
431 1159 538 1220 nutem
572 1161 604 1218 et
634 1149 785 1218 Ioannem
817 1151 1005 1218 ministrum.
1050 1151 1082 1218 6.
1105 1151 1214 1240 Quum

83 1253 192 1324 autem
230 1258 468 1348 pertransissent
504 1255 638 1326 insulam
677 1253 822 1346 Paphum
866 1278 983 1344 nsque,
1026 1241 1214 1326 invenerunt

82 1353 242 1454 quendam
273 1362 584 1455 pseudoprophetam
614 1361 778 1444 Iudaeum,
811 1361 862 1428 cui
890 1379 1009 1428 nomen
1035 1361 1214 1448 Bar-leena,

83 1469 114 1537 7.
138 1468 201 1555 Qui
233 1479 299 1538 erat
332 1493 406 1537 oum
439 1467 551 1562 Sergio
584 1467 684 1535 Paulo
717 1464 911 1534 Proconsule
944 1463 1013 1532 viro
1049 1469 1212 1558 prudente.

80 1575 143 1644 Hic
176 1575 281 1644 accitis
313 1574 455 1642 Bernaba
492 1585 525 1644 et
557 1573 657 1640 Paulo
690 1571 860 1662 quaerebat
890 1570 998 1638 audire
1032 1594 1214 1642 sermonem

80 1681 154 1750 Dei.
189 1683 220 1748 8.
242 1681 419 1750 Resistebat
440 1691 546 1748 autem
567 1679 618 1746 his
638 1678 768 1768 Elymas
789 1699 910 1767 magus,
933 1676 991 1758 (oio
1012 1679 1096 1743 enim
1118 1701 1223 1769 expo*

78 1789 167 1854 nitor
198 1789 266 1855 eius
294 1794 446 1878 nomen),
481 1809 635 1878 quaerens
668 1791 808 1852 avertere
836 1780 1065 1850 Proconsulem
1096 1807 1115 1850 a
1141 1783 1214 1852 lide.

79 1893 112 1962 9.
135 1895 252 1962 Saulus
274 1905 396 1977 autem,
418 1892 472 1985 qui
494 1892 581 1960 idem
602 1889 734 1972 Paulus,
756 1887 869 1979 plenue
891 1887 1010 1979 Spiritu
1032 1899 1214 1971 sancto„et
1340 1973 1350 1986 .

78 2001 208 2070 intentis
240 2003 274 2067 in
307 2024 382 2068 eum
409 1998 523 2080 oculis,
568 1998 620 2063 10.
643 1995 747 2077 Dixit,
780 1989 926 2084 Oplene
959 1991 1048 2060 omni
1081 1993 1157 2060 dolo
1179 2005 1213 2062 et

81 2106 216 2190 malitia,
248 2106 293 2174 fili
315 2105 444 2188 diaboli,
477 2103 601 2172 inimice
631 2099 734 2169 omnis
759 2099 908 2182 iustitiae,
930 2121 996 2166 non
1017 2121 1121 2168 cessas
1143 2099 1213 2166 sub

78 2224 204 2283 vertere
236 2213 303 2281 vias
325 2211 457 2306 Domini
489 2207 610 2278 rectas?
667 2207 719 2274 11.
746 2203 789 2273 Et
809 2228 896 2272 nunc
917 2227 991 2272 eooe
1012 2227 1127 2274 manua
1147 2203 1213 2273 Do

77 2321 161 2388 mini
182 2343 277 2412 super
302 2329 350 2403 te,
383 2329 416 2386 et
445 2317 506 2385 erio
528 2336 657 2396 obceno,
688 2335 755 2379 non
782 2309 893 2377 videus
920 2308 1020 2377 solem
1047 2331 1149 2400 noque
1171 2311 1212 2377 ad

78 2438 225 2518 tempus:
247 2427 396 2494 continuo
419 2433 525 2492 autem
547 2419 657 2488 cecidit
677 2441 773 2510 super
794 2437 868 2484 eum
890 2413 988 2507 caligo
1005 2425 1037 2483 et
1054 2415 1212 2502 tenebrae,

80 2544 117 2602 et
139 2532 322 2602 circundans
345 2529 523 2624 quaerebat,
545 2527 601 2619 qui
623 2550 696 2594 eum
718 2545 816 2591 manu
838 2521 996 2590 ducerent.
1042 2521 1095 2590 12.
1117 2519 1211 2590 Tunc
1269 2530 1275 2557 ¹

78 2639 196 2706 videns
222 2637 409 2723 Proconsul,
442 2635 529 2728 quod
557 2631 721 2714 acciderat,
754 2627 898 2712 credidit,
931 2626 1088 2694 admirans
1115 2648 1211 2718 nuper

80 2745 224 2814 doctrina
245 2743 384 2814 Domini.

162 2945 189 3008 4.
230 2949 340 3008 Emicat
358 2967 379 3006 o
398 2949 515 3025 Spiritu
531 2949 643 3003 conolo-
687 2936 774 2998 Nulla
801 2935 847 2996 hio
871 2934 1016 2994 electionis
1036 2930 1072 2992 ab
1091 2930 1210 2994 meria
1255 3005 1260 3012 .

80 3027 174 3087 uuae
193 3028 315 3100 mentio,
338 3024 407 3106 quin
418 3023 544 3088 ,vocatio
567 3036 685 3108 promus
704 3017 799 3076 divina
818 3019 891 3074 erat:
915 3019 1028 3072 tantum
1046 3029 1134 3104 manu
1154 3009 1211 3070 Dei

80 3105 195 3166 oblator
214 3127 261 3166 am
281 3106 346 3167 lexa
364 3109 426 3166 erat
444 3101 579 3162 Ecclesia.
603 3096 681 3158 Dicit
699 3095 793 3174 primo
813 3093 923 3152 veniere
941 3090 1115 3164 Sdennrm,
1135 3107 1211 3166 qnae
1342 3121 1346 3128 ·

79 3191 146 3246 erat
168 3185 236 3246 urbs
256 3127 371 3265 Syriaca
406 3181 472 3242 Fuit
495 3179 611 3261 quidem
636 3175 761 3236 eiurdem
786 3171 909 3232 nominis
928 3170 1036 3262 regio,
1050 3167 1100 3228 eod
1120 3168 1211 3246 magio

80 3263 228 3360 probabile
257 3272 314 3340 est,
343 3261 452 3324 Lucam
480 3260 516 3321 da
545 3256 615 3318 urbo
643 3255 737 3335 loqui,
766 3271 804 3313 cx
833 3268 891 3330 qua
914 3247 1008 3308 trem
1027 3267 1059 3306 m
1079 3245 1211 3326 Cyprum

79 3352 355 3487 meoppssppppiim
374 3383 507 3503 primuni,
527 3435 601 3498 quae
619 3419 663 3474 eat
682 3412 748 3472 urbs
759 3409 851 3490 Cypri
871 3408 939 3468 ratio
956 3412 1027 3466 nota
1037 3411 1068 3466 et
1082 3401 1211 3498 celebria,
1274 3461 1280 3470 ,
1302 3397 1319 3480 j

80 3512 188 3602 mutans
208 3505 327 3566 dnoendi
345 3519 491 3596 aggreeeop
510 3499 683 3594 esecnarrat.
704 3491 843 3556 Videntur
852 3495 946 3548 tanam
958 3503 1109 3580 perperam
1117 3501 1211 3562 anapr-

80 3577 694 3739 ditt.t'.⁰t.t5⁰ttsstttt?ttt
703 3571 855 3712 ttssdtt
874 3567 1212 3727 {tittttfftatttr

82 3743 252 3824 portbabitie
270 3744 381 3806 Iudaeis
400 3758 515 3804 neoeaae
533 3743 606 3798 earet
625 3732 754 3816 protinus
773 3729 811 3790 ad
824 3733 920 3808 polea
930 3723 1098 3786 concedere:
1117 3739 1212 3817 nequa

81 3824 162 3884 eninr
181 3823 261 3886 Dour
280 3843 371 3906 qnnm
389 3823 455 3883 itloe
475 3816 605 3902 gentibue
624 3811 752 3874 attribuit
770 3809 912 3902 doctores,
925 3801 1212 3902 ‚rnunoroabdrcavrt

83 3906 165 3988 quod
188 3905 326 3968 hactenus
345 3903 539 3966 exercuerant
579 3895 622 3956 lta
640 3891 719 3952 nulla
737 3891 811 3950 ratio
831 3883 988 3980 probrbprt‚
1010 3903 1082 3978 prun
1101 3880 1212 3974 ludaero

81 3989 244 4064 promiooue
263 3991 293 4046 et
311 3982 443 4066 gentibue
462 3997 579 4060 operam
591 3993 679 4036 enam
697 3969 870 4032 oonlerrent:
891 3985 960 4046 ano
980 3959 1211 4058 etrampludaero

81 4063 148 4126 fiori
167 4067 263 4128 debuit
282 4064 441 4133 exordium,
461 4067 494 4120 nt
511 4061 542 4119 in
560 4056 618 4122 fine
637 4053 736 4133 capitio
755 4047 920 4108 videbimur.
939 4042 1027 4104 Addit
1046 4047 1131 4102 etum
1152 4037 1214 4098 obr-

80 4142 129 4205 ter'
147 4145 249 4218 Lucae,
269 4145 381 4206 adiutor
399 4143 486 4202 fuisse
505 4157 522 4198 a
537 4136 657 4197 Ioanne:
677 4149 770 4210 neque
789 4129 864 4188 enim
883 4121 1017 4206 privatim
1035 4121 1083 4185 vel
1097 4119 1133 4180 od
1144 4137 1212 4214 oeus

81 4231 212 4310 eorporis
231 4227 397 4320 ministrnm
414 4217 578 4356 illioiuioop
594 4211 757 4352 signiticp‘tp¹
765 4201 1034 4350 {eilmpiiifflff'
1045 4199 1213 4342 isam

63 4299 719 4469 inariddtznnddaddddndleqqubdoobreiebrddoiir
728 4367 839 4452 padue,
858 4365 907 4428 red
917 4362 1076 4506 oonpponio
1085 4359 1212 4424 omnim

111 4483 218 4528 Osirim
232 4485 254 4526 in
268 4485 318 4526 Nor
337 4485 394 4524 Toni.
409 4481 470 4522 Τοι.
489 4475 518 4518 ΙΥ
841 4469 843 4480 '
