2818 4848
534 189 538 205 ·
615 169 742 234 creor
762 167 842 235 xm
1211 137 1268 251 251

235 287 388 356 attineo
406 304 497 366 poan
517 285 637 346 dicant
654 291 746 350 Iesos.
785 289 853 370 Quo
869 293 992 352 auredus
1011 300 1054 354 est
1071 315 1173 356 nrunus
1193 298 1267 381 Apo-

145 365 284 436 ‚etoiieum
301 365 376 424 maio
415 383 452 421 ne
471 363 532 422 eius
550 365 731 443 excellentia,
760 387 796 429 eo
819 369 927 448 foedior
945 375 1089 454 magisque
1105 376 1267 440 monade

150 445 208 504 'snit
225 444 312 503 iudae
324 463 381 524 pro
412 443 460 500 tio.
496 439 571 502 v'litio
595 445 681 524 igitur
697 453 814 526 musque
830 449 954 510 immane
972 457 1133 532 portentum
1151 453 1266 517 Christo

149 522 371 604 ipsi„ironorem
396 522 528 596 incussit,
557 521 626 582 dum
648 525 726 596 ridet
748 527 902 586 iueroiibdi
924 531 1006 590 unius
1025 530 1144 591 henneis
1162 535 1266 597 sceiere

147 603 252 661 foedari
273 619 390 661 samum
403 599 490 659 illum
507 601 648 676 ordinem,
672 605 701 662 iu
741 625 778 664 no
797 603 854 666 Dei
873 607 1003 668 maiestas
1022 611 1147 670 relucere
1164 612 1264 675 debue-

142 687 198 740 rat.
249 679 364 738 Eodem
387 680 508 759 pertinet
531 681 610 760 quod
636 625 746 742 subiici
769 683 960 764 Evangelista,
990 707 1055 748 eum
1081 693 1263 770 testificatam

142 780 216 820 ease.
255 759 371 839 Nempe
390 759 456 840 quia
470 777 517 818 res
535 761 624 841 magis
644 760 801 842 prodigiosa
825 771 900 839 erat,
928 782 1015 846 quam
1043 775 1076 827 ut
1104 771 1264 850 simpliciter

142 840 222 898 dieta
242 839 340 896 atatim
360 837 432 898 credi
450 845 553 916 posset.
597 841 760 900 Tractatum
779 843 877 924 spiritu
889 842 1031 906 Christumr
1051 847 1126 924 dicit,
1146 857 1179 908 ut
1196 852 1262 910 seia·

144 937 214 977 urus
233 935 296 976 non
314 917 392 976 vultu
411 915 495 974 modo
514 917 658 978 etncrbis
676 919 798 1000 speciem
816 921 922 982 turbati
939 915 1058 984 temnis
1077 926 1195 1004 dedisse,
1213 931 1263 990 sed

145 998 266 1091 ppnitus
285 997 322 1054 ita
340 995 471 1054 tmeseia
490 996 656 1090 animoque
675 999 820 1058 numam:
840 1006 868 1063 et
887 1008 1016 1081 spriritum
1035 1023 1090 1082 pro
1106 1014 1199 1068 ruente
1217 1027 1261 1066 cu

150 1075 296 1213 titii,
313 1070 1260 1242 ttttt‘t'ttttnttttt,‘'tttt'tttttt‘ntt

149 1235 229 1292 utin
247 1232 318 1292 haec
336 1233 420 1290 verba
439 1237 643 1314 prorumperet.
667 1231 771 1294 Fateor
784 1237 907 1315 quidem,
926 1237 948 1296 S
970 1239 1063 1300 iritum
1072 1258 1169 1300 omnes
1179 1243 1259 1302 Chri-

145 1313 181 1369 ιιι
199 1313 316 1370 attenues
336 1312 423 1370 fuisso
442 1311 704 1386 moderatum,'eod
723 1313 778 1375 ntia
796 1320 839 1374 est
857 1333 938 1376 mens
971 1318 1161 1397 ,vangelistam
1182 1323 1259 1401 quod
1305 1349 1309 1376 ι

139 1391 257 1449 interior
276 1409 330 1448 nee
349 1388 480 1450 simulata
500 1389 584 1448 inerit
602 1388 672 1452 haec
689 1391 795 1453 Christi
813 1395 915 1473 passio.
954 1395 1042 1474 idque
1067 1404 1163 1458 nosue
1188 1403 1258 1460 seire

134 1469 503 1609 um,
515 1469 1256 1634 ι

732 1591 741 1626 5
1214 1579 1222 1614 i

137 1627 269 1687 ordinem
287 1631 431 1691 evertunt·
1191 1661 1194 1672 ¹

220 1711 271 1767 2‘2.
301 1709 486 1787 Aspiciedont
508 1715 608 1790 itaque
631 1731 663 1771 ae
684 1720 795 1773 madan.
834 1709 894 1790 Qui
913 1711 965 1773 eibi
984 1725 1041 1774 non
1060 1714 1133 1775 male
1151 1715 1255 1776 consui

139 1791 221 1851 suut,
240 1788 321 1846 anxii
333 1785 487 1846 reddunttrr
506 1787 610 1846 Ciuisti
631 1788 718 1848 dicto:
743 1809 815 1850 uuus
833 1789 917 1850 ludas
936 1795 982 1852 sic·
994 1791 1137 1872 obstupuit
1156 1795 1184 1852 in
1204 1813 1254 1853 sua

140 1865 261 1937 matida,
280 1873 313 1925 ιιι
330 1885 387 1925 nen
403 1871 543 1944 tangatur.
572 1863 656 1926 Tanti
675 1868 750 1948 apud
769 1869 919 1949 discipulos
932 1879 999 1930 ‘orat
1011 1872 1116 1930 Christi
1135 1873 1253 1931 auctori

140 1949 203 2018 tas,
227 1950 261 2003 ut
280 1952 357 2004 certo
374 1945 501 2025 pemuasi
517 1945 697 2005 essentniiril
715 1953 820 2006 temere
839 1947 874 2008 ab
893 1950 956 2027 ipse
976 1950 1038 2010 diei.
1079 1947 1166 2010 Satan
1185 1967 1253 2008 vero
1324 1970 1333 1980 ·

140 2043 180 2084 ex
200 2023 288 2083 cordo
306 2025 388 2084 Iudae
406 2043 520 2082 ornnem
544 2027 730 2085 reverentiam
753 2033 927 2096 excusserat,
955 2035 989 2086 ut
1014 2029 1053 2088 ad
1078 2027 1253 2107 'sepeliendas

137 2122 241 2162 omnes
260 2103 461 2162 admonitiones
481 2121 565 2162 saxea
584 2123 656 2183 rupe
674 2110 748 2164 esset
767 2103 871 2162 donor.
900 2103 1022 2164 Tauroni
1041 2111 1134 2164 autem
1154 2125 1253 2185 parum

134 2181 301 2242 humaniter
320 2183 432 2240 ridetur
446 2181 540 2241 iacere
560 2181 707 2258 Christus,
730 2183 778 2262 qui
796 2183 927 2241 innoxios
947 2183 987 2241 ad·
1001 2189 1111 2264 tempus
1130 2191 1252 2263 torperet,

158 2263 204 2321 nia
224 2268 318 2322 tamen
337 2261 392 2319 iilis
407 2259 518 2339 profuit
531 2261 672 2320 'eiusmodi
697 2262 836 2334 anxietas,
865 2260 936 2321 nihii
964 2261 1018 2320 iilis
1033 2253 1160 2322 'iniuriae
1188 2263 1253 2324 fecit

134 2281 280 2399 Christus.
309 2338 430 2434 Expedit
448 2341 523 2399 euim
543 2347 577 2399 ut
589 2340 685 2399 andito
700 2341 851 2420 impiorum
865 2341 967 2400 indicio
982 2339 1094 2400 fiiiiDei
1105 2347 1252 2420 torqueam

138 2425 189 2476 tur
207 2421 294 2480 etiarn
311 2419 379 2496 ipn,
397 2438 455 2498 qno
479 2435 509 2476 re
532 2419 609 2498 ipsos
627 2421 773 2480 excutiant
791 2427 963 2516 caveantque
983 2419 1162 2507 hypocrisin.-
1187 2421 1252 2480 inde

141 2498 218 2556 cndu
236 2499 292 2557 iilis
311 2497 391 2556 datur
408 2499 517 2558 occasio
537 2515 572 2556 se
587 2505 617 2558 et
635 2515 715 2558 suum
735 2500 821 2560 vitam
841 2499 1025 2564 exaunnaudi.
1055 2498 1148 2558 Donet
1157 2505 1251 2558 nutem

140 2575 189 2636 iric
206 2575 509 2652 rememorandum
528 2576 665 2636 texendos
684 2595 745 2636 esse
763 2579 873 2658 impios,
893 2577 1250 2638 atnonstntimostendon-
1269 2602 1273 2610 ’

137 2661 187 2714 tur
215 2655 316 2735 digito,
345 2655 436 2714 donoc
459 2674 513 2714 eos
532 2674 619 2716 mauu
642 2674 696 2715 sua
711 2655 795 2718 Deus
810 2659 927 2717 traxerit
946 2659 975 2716 in
994 2657 1094 2716 iucem,
1134 2655 1250 2717 Occulti

135 2735 212 2794 enim
231 2754 315 2815 saepo
335 2741 401 2796 sunt
420 2735 449 2793 iu
469 2732 594 2794 Ecclesia
612 2735 717 2810 morbi,
737 2756 808 2816 quos
828 2737 1000 2796 diasinrutare
1017 2753 1075 2795 non
1094 2736 1183 2796 lieet·
1205 2733 1249 2794 ln

131 2816 216 2873 terim
235 2815 364 2874 nondum
382 2815 423 2871 ita
441 2819 551 2872 matura
569 2819 612 2872 est
630 2810 777 2875 handum
794 2817 920 2894 ipsorum
938 2815 1075 2895 nequitia,
1099 2821 1132 2874 ut
1157 2814 1249 2894 detegi
1277 2866 1279 2870 .

133 2895 232 2974 possit.
272 2891 355 2956 Tune
373 2893 461 2973 igitur
478 2889 549 2951 haec
566 2893 685 2952 tenenda
704 2899 747 2951 est
764 2895 855 2956 media
872 2896 956 2956 ratio.
1037 2909 1041 2939 ²
1083 2935 1086 2941 Δ
1269 2933 1273 2942 ·

212 2976 262 3034 2²³.
305 2978 398 3046 wem
415 2973 500 3030 Isana
518 2972 663 3051 attgetat.
701 2970 1246 3053 Peculiumsmner,t1uu·Christusie·
1358 3020 1361 3032 ,

133 3069 239 3108 amnem
257 3049 424 3131 complexus
442 3055 493 3122 est,
517 3049 591 3107 clare
610 3056 729 3109 testatur
747 3069 805 3110 non
823 3069 947 3130 pugnare
966 3069 1076 3130 semper
1094 3069 1159 3110 cum
1179 3051 1381 3109 euri-1

135 3135 212 3202 tate,
230 3129 256 3186 si
275 3149 346 3205 quos
365 3129 424 3187 aliis
442 3129 531 3206 magis
550 3144 689 3186 amemus:
714 3128 764 3186 sed
783 3133 872 3186 totum
891 3131 921 3186 iu
940 3149 975 3189 co
995 3131 1118 3208 pesitum
1136 3133 1193 3198 ost,
1214 3133 1247 3186 ut

138 3225 222 3264 arnor
239 3213 336 3264 nestor
346 3205 439 3267 Deum
457 3207 595 3286 respiciat,
614 3213 643 3266 et
661 3227 720 3286 quo
739 3204 922 3286 quismreiiei
937 3207 1017 3266 donis
1030 3207 1119 3286 aragia
1134 3205 1248 3264 excedit

136 3285 169 3344 in
193 3303 262 3344 eum
285 3283 395 3344 feratur.
436 3283 481 3346 Ab
501 3303 536 3344 eo
556 3300 647 3364 scopo
661 3295 805 3365 nnnqttnm
823 3285 869 3342 vel
888 3285 1033 3344 minimum
1054 3285 1181 3342 Christus
1200 3283 1246 3344 de-

133 3363 227 3422 flexit.
268 3361 328 3421 Nos
347 3378 411 3424 rere
428 3365 512 3442 longe
531 3362 625 3424 aliter:
654 3382 721 3423 uam
744 3379 817 3440 quae
836 3369 879 3420 ost
901 3363 1004 3440 ingenii
1022 3363 1111 3421 nostri
1128 3363 1247 3430 ιιιιίιιιι,

132 3443 221 3523 praeci
241 3449 310 3501 sunt
328 3443 376 3522 qui
394 3441 520 3502 homiues
540 3441 660 3502 amando
679 3441 800 3522 propius-
814 3439 853 3498 ad
869 3437 968 3498 Deum
982 3441 1123 3500 accedant.
1158 3439 1247 3515 Atqui

130 3541 284 3600 nunquam
300 3529 376 3581 reete
394 3521 550 3603 composita
568 3521 621 3580 erit
639 3519 785 3579 honrinuur
808 3519 882 3578 mter
900 3536 935 3576 se
950 3517 1075 3588 dilectio,
1103 3517 1154 3574 nisi
1175 3533 1248 3594 quae

130 3600 170 3659 ad
188 3599 291 3672 ,Darna
318 3599 464 3660 referetur.
512 3597 601 3678 Quod
624 3604 718 3659 narrat
739 3597 856 3658 Ioannou
880 3616 911 3658 oo
935 3597 1108 3656 discubuisse
1130 3596 1160 3653 iu
1183 3595 1247 3654 sinu
1338 3595 1345 3610 '

132 3677 257 3753 Christi,
280 3685 377 3759 posset
395 3677 480 3740 hodie
502 3679 533 3738 id
551 3679 639 3740 uideri
657 3677 757 3758 p'nrunr
777 3675 920 3736 daonium:
950 3675 1000 3734 sed
1017 3673 1081 3732 talis
1100 3679 1162 3732 orat
1178 3679 1248 3732 tune

135 3755 327 3818 discumbendi
349 3761 431 3818 ratio.
480 3755 580 3839 Neque
605 3757 682 3816 enim·
697 3755 829 3818 sedebant
847 3761 882 3814 ut
899 3775 952 3814 nos
970 3753 1009 3812 ad
1029 3756 1169 3828 mensam,
1197 3751 1247 3812 scd

134 3835 235 3896 oeloels
253 3839 333 3896 exuti
352 3843 382 3898 ct
400 3837 523 3918 pulvinis
542 3835 631 3895 innixi
650 3835 680 3893 in
699 3835 806 3894 lootuiis
826 3834 987 3914 semisupini
1004 3831 1139 3892 iacebant.
1194 3851 1198 3858 ’

213 3917 260 3976 ιθ.
301 3919 358 3976 cin
376 3936 430 3993 ego
449 3924 605 3977 satureiam
620 3915 779 3974 decretione
818 3912 851 3972 st
870 3914 934 3992 quis
953 3918 1083 3992 quaerat,
1132 3929 1245 3970 uersum

130 3993 279 4053 attinuerit
300 4001 432 4074 porrecta
455 3994 543 4054 offula
561 3993 654 4052 notari
675 3994 863 4072 proditorem,
891 4009 979 4070 quum
1003 3997 1098 4071 posset
1143 3992 1246 4051 misus

152 4073 227 4132 atam
245 4093 313 4132 oum
332 4074 448 4132 nomine
466 4073 623 4153 designare,
643 4071 667 4130 si
685 4078 786 4132 notum
803 4088 866 4130 esse
883 4069 981 4143 veliet,
1000 4070 1170 4149 respondeo,
1189 4069 1245 4130 tale
1334 4137 1340 4154 x

126 4094 218 4212 inisse
238 4151 297 4211 hoo
315 4150 456 4226 indicitur,
474 4169 536 4231 qno
553 4153 602 4209 uni
622 4156 731 4209 tautum
750 4147 1034 4223 inmtescerctiudas,
1051 4149 1245 4227 nequestotim

127 4230 338 4369 produceretur
357 4231 386 4288 iu
406 4232 532 4290 omnium
552 4236 743 4310 conspectum.
782 4227 932 4287 Caeterum
956 4227 1025 4286 utile
1043 4225 1097 4286 init
1114 4225 1245 4285 loannem

150 4309 216 4369 uiua
235 4310 277 4370 rai
295 4315 397 4372 testem
415 4329 485 4388 ease,
504 4311 555 4392 qui
573 4307 633 4372 diis
648 4314 747 4390 postea
760 4326 813 4372 suo
827 4313 953 4386 tompore
967 4304 1145 4388 patefaceret.
1171 4301 1244 4364 cm·
