<?xml version="1.0" encoding="UTF-8"?>
<!DOCTYPE html PUBLIC "-//W3C//DTD XHTML 1.0 Transitional//EN"
    "http://www.w3.org/TR/xhtml1/DTD/xhtml1-transitional.dtd">
<html xmlns="http://www.w3.org/1999/xhtml" xml:lang="en" lang="en">
 <head>
  <title>
</title>
<meta http-equiv="Content-Type" content="text/html;charset=utf-8" />
  <meta name='ocr-system' content='tesseract 3.04.00' />
  <meta name='ocr-capabilities' content='ocr_page ocr_carea ocr_par ocr_line ocrx_word'/>
</head>
<body>
  <div class='ocr_page' id='page_1' title='image "./innovumtestamen00tholgoog_0876.png"; bbox 0 0 2700 4844; ppageno 0'>
   <div class='ocr_carea' id='block_1_1' title="bbox 430 165 1208 282">
    <p class='ocr_par' dir='ltr' id='par_1_1' title="bbox 430 165 1208 282">
     <span class='ocr_line' id='line_1_1' title="bbox 430 165 1208 282; baseline 0.013 -20"><span class='ocrx_word' id='word_1_1' title='bbox 430 191 590 265; x_wconf 70' lang='lat' dir='ltr'><strong>“caron</strong></span> <span class='ocrx_word' id='word_1_2' title='bbox 607 196 730 282; x_wconf 73' lang='lat' dir='ltr'><strong>xxvi·</strong></span> <span class='ocrx_word' id='word_1_3' title='bbox 1039 165 1129 272; x_wconf 59' lang='lat' dir='ltr'><strong>&#39;roo</strong></span> <span class='ocrx_word' id='word_1_4' title='bbox 1203 209 1208 220; x_wconf 94' lang='lat'><strong>·</strong></span> 
     </span>
    </p>
   </div>
   <div class='ocr_carea' id='block_1_2' title="bbox 21 304 1135 1899">
    <p class='ocr_par' dir='ltr' id='par_1_2' title="bbox 24 304 1130 797">
     <span class='ocr_line' id='line_1_2' title="bbox 26 304 1129 404; baseline 0.001 -23"><span class='ocrx_word' id='word_1_5' title='bbox 26 339 87 381; x_wconf 80' lang='lat' dir='ltr'><strong>anm</strong></span> <span class='ocrx_word' id='word_1_6' title='bbox 107 323 205 380; x_wconf 79' lang='lat' dir='ltr'><strong>contra</strong></span> <span class='ocrx_word' id='word_1_7' title='bbox 221 327 287 378; x_wconf 73' lang='lat' dir='ltr'><strong>se‘a</strong></span> <span class='ocrx_word' id='word_1_8' title='bbox 307 304 497 380; x_wconf 65' lang='lat' dir='ltr'><strong>mastos</strong></span> <span class='ocrx_word' id='word_1_9' title='bbox 515 317 642 393; x_wconf 86' lang='lat' dir='ltr'><strong>obtendi,</strong></span> <span class='ocrx_word' id='word_1_10' title='bbox 660 316 800 404; x_wconf 80' lang='lat' dir='ltr'><strong>intrepido</strong></span> <span class='ocrx_word' id='word_1_11' title='bbox 817 323 910 379; x_wconf 86' lang='lat' dir='ltr'><strong>temen</strong></span> <span class='ocrx_word' id='word_1_12' title='bbox 930 319 1053 380; x_wconf 74' lang='lat' dir='ltr'><strong>moeros</strong></span> <span class='ocrx_word' id='word_1_13' title='bbox 1072 317 1129 382; x_wconf 85' lang='lat' dir='ltr'><strong>Dei</strong></span> 
     </span>
     <span class='ocr_line' id='line_1_3' title="bbox 26 393 1129 479; baseline -0.002 -17"><span class='ocrx_word' id='word_1_14' title='bbox 26 402 142 462; x_wconf 83' lang='lat' dir='ltr'><strong>cultores</strong></span> <span class='ocrx_word' id='word_1_15' title='bbox 164 417 181 458; x_wconf 92' lang='lat' dir='ltr'><strong>a</strong></span> <span class='ocrx_word' id='word_1_16' title='bbox 200 417 251 458; x_wconf 83' lang='lat' dir='ltr'><strong>sea</strong></span> <span class='ocrx_word' id='word_1_17' title='bbox 275 403 356 478; x_wconf 86' lang='lat' dir='ltr'><strong>parte</strong></span> <span class='ocrx_word' id='word_1_18' title='bbox 379 403 453 461; x_wconf 78' lang='lat' dir='ltr'><strong>statie</strong></span> <span class='ocrx_word' id='word_1_19' title='bbox 472 393 612 474; x_wconf 81' lang='lat' dir='ltr'><strong>aiiirmet,</strong></span> <span class='ocrx_word' id='word_1_20' title='bbox 629 403 658 458; x_wconf 88' lang='lat' dir='ltr'><strong>et</strong></span> <span class='ocrx_word' id='word_1_21' title='bbox 676 399 789 460; x_wconf 84' lang='lat' dir='ltr'><strong>illorum</strong></span> <span class='ocrx_word' id='word_1_22' title='bbox 806 399 964 479; x_wconf 76' lang='lat' dir='ltr'><strong>patroduio</strong></span> <span class='ocrx_word' id='word_1_23' title='bbox 981 405 1129 460; x_wconf 82' lang='lat' dir='ltr'><strong>contentos</strong></span> 
     </span>
     <span class='ocr_line' id='line_1_4' title="bbox 25 473 1129 617; baseline 0.001 -78"><span class='ocrx_word' id='word_1_24' title='bbox 25 487 74 575; x_wconf 55' lang='lat' dir='ltr'><strong>ost:</strong></span> <span class='ocrx_word' id='word_1_25' title='bbox 121 476 192 537; x_wconf 87' lang='lat' dir='ltr'><strong>Nom</strong></span> <span class='ocrx_word' id='word_1_26' title='bbox 217 497 305 564; x_wconf 63' lang='lat' dir='ltr'><strong>mum</strong></span> <span class='ocrx_word' id='word_1_27' title='bbox 331 473 478 538; x_wconf 78' lang='lat' dir='ltr'>duodecim</span> <span class='ocrx_word' id='word_1_28' title='bbox 502 477 590 560; x_wconf 84' lang='lat' dir='ltr'><strong>tribus</strong></span> <span class='ocrx_word' id='word_1_29' title='bbox 613 479 753 556; x_wconf 80' lang='lat' dir='ltr'><strong>nominat,</strong></span> <span class='ocrx_word' id='word_1_30' title='bbox 766 477 1007 617; x_wconf 49' lang='lat' dir='ltr'><strong>·¹·¹⁰¹,¹,X³¹&#39;mi⁸⁰⁰t</strong></span> <span class='ocrx_word' id='word_1_31' title='bbox 1024 497 1129 578; x_wconf 69' lang='lat' dir='ltr'><strong>annes,</strong></span> 
     </span>
     <span class='ocr_line' id='line_1_5' title="bbox 24 552 1128 718; baseline 0.001 -22"><span class='ocrx_word' id='word_1_32' title='bbox 24 552 809 718; x_wconf 48' lang='lat' dir='ltr'><strong>iliriifmiiisffliobhiiiui‘iisiii‘ibit</strong></span> <span class='ocrx_word' id='word_1_33' title='bbox 848 575 946 716; x_wconf 55' lang='lat' dir='ltr'><strong>„sili</strong></span> <span class='ocrx_word' id='word_1_34' title='bbox 960 563 1128 697; x_wconf 62' lang='lat' dir='ltr'><strong>iiii-imai]</strong></span> 
     </span>
     <span class='ocr_line' id='line_1_6' title="bbox 24 711 1130 797; baseline 0.001 -21"><span class='ocrx_word' id='word_1_35' title='bbox 24 723 182 779; x_wconf 78' lang='lat' dir='ltr'><strong>senmurum</strong></span> <span class='ocrx_word' id='word_1_36' title='bbox 205 713 317 787; x_wconf 79' lang='lat' dir='ltr'><strong>inisset,</strong></span> <span class='ocrx_word' id='word_1_37' title='bbox 345 711 639 793; x_wconf 66' lang='lat' dir='ltr'><strong>promerueramus</strong></span> <span class='ocrx_word' id='word_1_38' title='bbox 662 721 773 796; x_wconf 77' lang='lat' dir='ltr'><strong>gmlem</strong></span> <span class='ocrx_word' id='word_1_39' title='bbox 796 716 886 797; x_wconf 86' lang='lat' dir='ltr'><strong>ipsam</strong></span> <span class='ocrx_word' id='word_1_40' title='bbox 910 716 1047 777; x_wconf 86' lang='lat' dir='ltr'><strong>atimore</strong></span> <span class='ocrx_word' id='word_1_41' title='bbox 1064 715 1130 791; x_wconf 87' lang='lat' dir='ltr'><strong>Dei,</strong></span> 
     </span>
    </p>

    <p class='ocr_par' dir='ltr' id='par_1_3' title="bbox 21 793 1132 1566">
     <span class='ocr_line' id='line_1_7' title="bbox 45 793 1131 880; baseline 0.002 -26"><span class='ocrx_word' id='word_1_42' title='bbox 45 798 72 855; x_wconf 91' lang='lat' dir='ltr'><strong>ni</strong></span> <span class='ocrx_word' id='word_1_43' title='bbox 89 795 199 854; x_wconf 87' lang='lat' dir='ltr'><strong>nonnisi</strong></span> <span class='ocrx_word' id='word_1_44' title='bbox 221 794 251 853; x_wconf 91' lang='lat' dir='ltr'><strong>iu</strong></span> <span class='ocrx_word' id='word_1_45' title='bbox 269 795 315 852; x_wconf 83' lang='lat' dir='ltr'><strong>exi</strong></span> <span class='ocrx_word' id='word_1_46' title='bbox 337 811 509 874; x_wconf 76' lang='lat' dir='ltr'><strong>annumero</strong></span> <span class='ocrx_word' id='word_1_47' title='bbox 529 794 646 880; x_wconf 74' lang='lat' dir='ltr'><strong>vigebat.</strong></span> <span class='ocrx_word' id='word_1_48' title='bbox 685 793 718 854; x_wconf 85' lang='lat' dir='ltr'><strong>In</strong></span> <span class='ocrx_word' id='word_1_49' title='bbox 736 802 857 876; x_wconf 72' lang='lat' dir='ltr'><strong>unoque</strong></span> <span class='ocrx_word' id='word_1_50' title='bbox 874 795 1046 878; x_wconf 73' lang='lat' dir='ltr'><strong>praeposteri</strong></span> <span class='ocrx_word' id='word_1_51' title='bbox 1064 802 1131 856; x_wconf 84' lang='lat' dir='ltr'><strong>suut</strong></span> 
     </span>
     <span class='ocr_line' id='line_1_8' title="bbox 23 813 1130 954; baseline 0.001 -20"><span class='ocrx_word' id='word_1_52' title='bbox 23 817 163 954; x_wconf 53' lang='lat' dir='ltr'><strong>inpletae,</strong></span> <span class='ocrx_word' id='word_1_53' title='bbox 187 869 253 952; x_wconf 78' lang='lat' dir='ltr'><strong>quiid</strong></span> <span class='ocrx_word' id='word_1_54' title='bbox 273 879 302 932; x_wconf 89' lang='lat' dir='ltr'><strong>et</strong></span> <span class='ocrx_word' id='word_1_55' title='bbox 313 813 468 930; x_wconf 70' lang='lat' dir='ltr'><strong>bominum</strong></span> <span class='ocrx_word' id='word_1_56' title='bbox 487 871 629 952; x_wconf 80' lang='lat' dir='ltr'><strong>suffragiis</strong></span> <span class='ocrx_word' id='word_1_57' title='bbox 643 871 766 934; x_wconf 89' lang='lat' dir='ltr'><strong>obruunt</strong></span> <span class='ocrx_word' id='word_1_58' title='bbox 783 875 902 934; x_wconf 83' lang='lat' dir='ltr'><strong>verbum</strong></span> <span class='ocrx_word' id='word_1_59' title='bbox 919 871 989 950; x_wconf 88' lang='lat' dir='ltr'><strong>Dei,</strong></span> <span class='ocrx_word' id='word_1_60' title='bbox 1012 875 1130 935; x_wconf 81' lang='lat' dir='ltr'><strong>etmix-</strong></span> 
     </span>
     <span class='ocr_line' id='line_1_9' title="bbox 22 951 1129 1031; baseline 0.002 -19"><span class='ocrx_word' id='word_1_61' title='bbox 22 961 79 1012; x_wconf 85' lang='lat' dir='ltr'><strong>tour</strong></span> <span class='ocrx_word' id='word_1_62' title='bbox 89 972 133 1012; x_wconf 85' lang='lat' dir='ltr'><strong>-ex</strong></span> <span class='ocrx_word' id='word_1_63' title='bbox 150 953 272 1029; x_wconf 82' lang='lat' dir='ltr'><strong>indoctis</strong></span> <span class='ocrx_word' id='word_1_64' title='bbox 287 952 334 1010; x_wconf 84' lang='lat' dir='ltr'><strong>vol</strong></span> <span class='ocrx_word' id='word_1_65' title='bbox 353 951 647 1031; x_wconf 78' lang='lat' dir='ltr'><strong>impuris&#39;bominibos</strong></span> <span class='ocrx_word' id='word_1_66' title='bbox 662 952 812 1014; x_wconf 79' lang='lat' dir='ltr'><strong>colluviem</strong></span> <span class='ocrx_word' id='word_1_67' title='bbox 823 953 976 1014; x_wconf 78' lang='lat' dir='ltr'><strong>catholicae</strong></span> <span class='ocrx_word' id='word_1_68' title='bbox 988 951 1129 1024; x_wconf 68' lang='lat' dir='ltr'><strong>Boeledee</strong></span> 
     </span>
     <span class='ocr_line' id='line_1_10' title="bbox 22 1029 1129 1113; baseline 0.002 -21"><span class='ocrx_word' id='word_1_69' title='bbox 22 1035 103 1092; x_wconf 90' lang='lat' dir='ltr'><strong>titulo</strong></span> <span class='ocrx_word' id='word_1_70' title='bbox 121 1033 181 1106; x_wconf 80' lang='lat' dir='ltr'><strong>sipo</strong></span> <span class='ocrx_word' id='word_1_71' title='bbox 198 1031 293 1100; x_wconf 64' lang='lat' dir='ltr'><strong>eolore,</strong></span> <span class='ocrx_word' id='word_1_72' title='bbox 311 1031 358 1093; x_wconf 83' lang='lat' dir='ltr'><strong>rel</strong></span> <span class='ocrx_word' id='word_1_73' title='bbox 376 1029 484 1112; x_wconf 81' lang='lat' dir='ltr'><strong>pudore</strong></span> <span class='ocrx_word' id='word_1_74' title='bbox 502 1031 662 1111; x_wconf 70' lang='lat' dir='ltr'><strong>insigniunt.</strong></span> <span class='ocrx_word' id='word_1_75' title='bbox 691 1031 779 1113; x_wconf 81' lang='lat' dir='ltr'><strong>Atqui</strong></span> <span class='ocrx_word' id='word_1_76' title='bbox 797 1039 831 1092; x_wconf 92' lang='lat' dir='ltr'><strong>ut</strong></span> <span class='ocrx_word' id='word_1_77' title='bbox 854 1053 920 1100; x_wconf 85' lang='lat' dir='ltr'><strong>oum</strong></span> <span class='ocrx_word' id='word_1_78' title='bbox 944 1051 1010 1094; x_wconf 82' lang='lat' dir='ltr'><strong>vera</strong></span> <span class='ocrx_word' id='word_1_79' title='bbox 1033 1031 1129 1094; x_wconf 83' lang='lat' dir='ltr'><strong>Euole-</strong></span> 
     </span>
     <span class='ocr_line' id='line_1_11' title="bbox 25 1105 1131 1192; baseline 0.004 -22"><span class='ocrx_word' id='word_1_80' title='bbox 25 1114 66 1170; x_wconf 87' lang='lat' dir='ltr'><strong>sia</strong></span> <span class='ocrx_word' id='word_1_81' title='bbox 83 1131 135 1170; x_wconf 89' lang='lat' dir='ltr'><strong>nos</strong></span> <span class='ocrx_word' id='word_1_82' title='bbox 154 1112 256 1169; x_wconf 79' lang='lat' dir='ltr'><strong>sentire</strong></span> <span class='ocrx_word' id='word_1_83' title='bbox 275 1109 439 1188; x_wconf 77' lang='lat' dir='ltr'>probemus,</span> <span class='ocrx_word' id='word_1_84' title='bbox 463 1128 480 1170; x_wconf 87' lang='lat' dir='ltr'><strong>a</strong></span> <span class='ocrx_word' id='word_1_85' title='bbox 498 1105 647 1192; x_wconf 86' lang='lat' dir='ltr'><strong>Prophetis</strong></span> <span class='ocrx_word' id='word_1_86' title='bbox 670 1116 700 1170; x_wconf 84' lang='lat' dir='ltr'><strong>et</strong></span> <span class='ocrx_word' id='word_1_87' title='bbox 718 1111 863 1192; x_wconf 80' lang='lat' dir='ltr'><strong>Apostolis</strong></span> <span class='ocrx_word' id='word_1_88' title='bbox 887 1113 1010 1192; x_wconf 87' lang='lat' dir='ltr'><strong>incipero</strong></span> <span class='ocrx_word' id='word_1_89' title='bbox 1027 1131 1131 1174; x_wconf 84' lang='lat' dir='ltr'><strong>eonve-</strong></span> 
     </span>
     <span class='ocr_line' id='line_1_12' title="bbox 21 1188 1130 1272; baseline 0.001 -23"><span class='ocrx_word' id='word_1_90' title='bbox 21 1193 76 1250; x_wconf 79' lang='lat' dir='ltr'><strong>nin</strong></span> <span class='ocrx_word' id='word_1_91' title='bbox 96 1189 195 1249; x_wconf 84' lang='lat' dir='ltr'><strong>delude</strong></span> <span class='ocrx_word' id='word_1_92' title='bbox 217 1189 271 1247; x_wconf 91' lang='lat' dir='ltr'><strong>illis</strong></span> <span class='ocrx_word' id='word_1_93' title='bbox 291 1188 457 1268; x_wconf 78' lang='lat' dir='ltr'>aggregandi</span> <span class='ocrx_word' id='word_1_94' title='bbox 476 1196 555 1264; x_wconf 87' lang='lat' dir='ltr'><strong>suut,</strong></span> <span class='ocrx_word' id='word_1_95' title='bbox 575 1207 695 1269; x_wconf 88' lang='lat' dir='ltr'><strong>quorum</strong></span> <span class='ocrx_word' id='word_1_96' title='bbox 713 1199 781 1250; x_wconf 86' lang='lat' dir='ltr'><strong>noto</strong></span> <span class='ocrx_word' id='word_1_97' title='bbox 799 1198 828 1251; x_wconf 87' lang='lat' dir='ltr'><strong>et</strong></span> <span class='ocrx_word' id='word_1_98' title='bbox 846 1197 948 1251; x_wconf 66' lang='lat' dir='ltr'><strong>motata</strong></span> <span class='ocrx_word' id='word_1_99' title='bbox 967 1197 1009 1250; x_wconf 90' lang='lat' dir='ltr'><strong>est</strong></span> <span class='ocrx_word' id='word_1_100' title='bbox 1032 1193 1130 1272; x_wconf 89' lang='lat' dir='ltr'><strong>pietas.</strong></span> 
     </span>
     <span class='ocr_line' id='line_1_13' title="bbox 21 1265 1132 1366; baseline 0.003 -38"><span class='ocrx_word' id='word_1_101' title='bbox 21 1271 55 1328; x_wconf 91' lang='lat' dir='ltr'><strong>Si</strong></span> <span class='ocrx_word' id='word_1_102' title='bbox 77 1289 94 1328; x_wconf 88' lang='lat' dir='ltr'><strong>a</strong></span> <span class='ocrx_word' id='word_1_103' title='bbox 112 1268 192 1328; x_wconf 84' lang='lat' dir='ltr'><strong>nobis</strong></span> <span class='ocrx_word' id='word_1_104' title='bbox 215 1267 328 1327; x_wconf 75' lang='lat' dir='ltr'><strong>dissidet</strong></span> <span class='ocrx_word' id='word_1_105' title='bbox 345 1265 435 1348; x_wconf 69' lang='lat' dir='ltr'><strong>Bapa&#39;</strong></span> <span class='ocrx_word' id='word_1_106' title='bbox 447 1285 512 1328; x_wconf 88' lang='lat' dir='ltr'><strong>com</strong></span> <span class='ocrx_word' id='word_1_107' title='bbox 530 1289 584 1328; x_wconf 89' lang='lat' dir='ltr'><strong>sue</strong></span> <span class='ocrx_word' id='word_1_108' title='bbox 603 1267 702 1343; x_wconf 82' lang='lat' dir='ltr'><strong>Glero,</strong></span> <span class='ocrx_word' id='word_1_109' title='bbox 725 1287 785 1330; x_wconf 86' lang='lat' dir='ltr'><strong>nen</strong></span> <span class='ocrx_word' id='word_1_110' title='bbox 803 1270 943 1351; x_wconf 83' lang='lat' dir='ltr'><strong>estquod</strong></span> <span class='ocrx_word' id='word_1_111' title='bbox 962 1289 1132 1366; x_wconf 74' lang='lat' dir='ltr'><strong>mogcropere</strong></span> 
     </span>
     <span class='ocr_line' id='line_1_14' title="bbox 21 1345 1131 1428; baseline 0.004 -22"><span class='ocrx_word' id='word_1_112' title='bbox 21 1350 107 1406; x_wconf 84' lang='lat' dir='ltr'><strong>simus</strong></span> <span class='ocrx_word' id='word_1_113' title='bbox 125 1347 208 1406; x_wconf 79' lang='lat' dir='ltr'><strong>anxii.</strong></span> <span class='ocrx_word' id='word_1_114' title='bbox 247 1345 388 1406; x_wconf 75' lang='lat' dir='ltr'>Probatur</span> <span class='ocrx_word' id='word_1_115' title='bbox 406 1354 499 1407; x_wconf 89' lang='lat' dir='ltr'><strong>antem</strong></span> <span class='ocrx_word' id='word_1_116' title='bbox 518 1347 657 1428; x_wconf 73' lang='lat' dir='ltr'><strong>religionis</strong></span> <span class='ocrx_word' id='word_1_117' title='bbox 676 1367 759 1408; x_wconf 84' lang='lat' dir='ltr'><strong>verns</strong></span> <span class='ocrx_word' id='word_1_118' title='bbox 778 1350 896 1409; x_wconf 78' lang='lat' dir='ltr'><strong>adestare</strong></span> <span class='ocrx_word' id='word_1_119' title='bbox 913 1349 951 1407; x_wconf 91' lang='lat' dir='ltr'><strong>ab</strong></span> <span class='ocrx_word' id='word_1_120' title='bbox 970 1351 1131 1410; x_wconf 68' lang='lat' dir='ltr'><strong>assiduitate</strong></span> 
     </span>
     <span class='ocr_line' id='line_1_15' title="bbox 21 1423 1132 1507; baseline 0.005 -22"><span class='ocrx_word' id='word_1_121' title='bbox 21 1434 52 1485; x_wconf 88' lang='lat' dir='ltr'><strong>et</strong></span> <span class='ocrx_word' id='word_1_122' title='bbox 69 1427 257 1500; x_wconf 83' lang='lat' dir='ltr'><strong>vehementia,</strong></span> <span class='ocrx_word' id='word_1_123' title='bbox 385 1423 437 1484; x_wconf 91' lang='lat' dir='ltr'><strong>illo</strong></span> <span class='ocrx_word' id='word_1_124' title='bbox 455 1425 577 1486; x_wconf 79' lang='lat' dir='ltr'><strong>maxime</strong></span> <span class='ocrx_word' id='word_1_125' title='bbox 594 1433 722 1507; x_wconf 85' lang='lat' dir='ltr'><strong>temporo</strong></span> <span class='ocrx_word' id='word_1_126' title='bbox 740 1445 821 1488; x_wconf 77' lang='lat' dir='ltr'><strong>amne</strong></span> <span class='ocrx_word' id='word_1_127' title='bbox 838 1429 950 1492; x_wconf 72' lang='lat' dir='ltr'><strong>onum</strong></span> <span class='ocrx_word' id='word_1_128' title='bbox 968 1427 1035 1506; x_wconf 86' lang='lat' dir='ltr'><strong>init,</strong></span> <span class='ocrx_word' id='word_1_129' title='bbox 1063 1429 1132 1490; x_wconf 90' lang='lat' dir='ltr'><strong>dum</strong></span> 
     </span>
     <span class='ocr_line' id='line_1_16' title="bbox 21 1501 728 1566; baseline -0.007 0"><span class='ocrx_word' id='word_1_130' title='bbox 21 1507 172 1566; x_wconf 82' lang='lat' dir='ltr'><strong>miserrime</strong></span> <span class='ocrx_word' id='word_1_131' title='bbox 190 1505 248 1565; x_wconf 83' lang='lat' dir='ltr'><strong>adli</strong></span> <span class='ocrx_word' id='word_1_132' title='bbox 328 1509 394 1562; x_wconf 88' lang='lat' dir='ltr'><strong>ntur</strong></span> <span class='ocrx_word' id='word_1_133' title='bbox 411 1501 514 1563; x_wconf 86' lang='lat' dir='ltr'><strong>ludaei.</strong></span> <span class='ocrx_word' id='word_1_134' title='bbox 723 1529 728 1546; x_wconf 88' lang='lat'><strong>·</strong></span> 
     </span>
    </p>

    <p class='ocr_par' dir='ltr' id='par_1_4' title="bbox 21 1581 1135 1899">
     <span class='ocr_line' id='line_1_17' title="bbox 98 1581 1135 1666; baseline 0.003 -20"><span class='ocrx_word' id='word_1_135' title='bbox 98 1587 124 1646; x_wconf 90' lang='lat'><strong>8.</strong></span> <span class='ocrx_word' id='word_1_136' title='bbox 147 1587 208 1642; x_wconf 73' lang='lat' dir='ltr'><strong>Otos·</strong></span> <span class='ocrx_word' id='word_1_137' title='bbox 225 1583 553 1642; x_wconf 75' lang='lat' dir='ltr'><strong>incredibtlo&#39;iodicotnr</strong></span> <span class='ocrx_word' id='word_1_138' title='bbox 570 1590 623 1644; x_wconf 83' lang='lat' dir='ltr'><strong>etc.</strong></span> <span class='ocrx_word' id='word_1_139' title='bbox 661 1581 729 1644; x_wconf 85' lang='lat' dir='ltr'><strong>Non</strong></span> <span class='ocrx_word' id='word_1_140' title='bbox 745 1585 858 1664; x_wconf 79' lang='lat' dir='ltr'><strong>dnldto,</strong></span> <span class='ocrx_word' id='word_1_141' title='bbox 882 1588 951 1666; x_wconf 78' lang='lat' dir='ltr'><strong>quin</strong></span> <span class='ocrx_word' id='word_1_142' title='bbox 970 1593 1000 1648; x_wconf 89' lang='lat' dir='ltr'><strong>et</strong></span> <span class='ocrx_word' id='word_1_143' title='bbox 1017 1588 1135 1648; x_wconf 82' lang='lat' dir='ltr'><strong>radoni·</strong></span> 
     </span>
     <span class='ocr_line' id='line_1_18' title="bbox 21 1660 1132 1740; baseline 0.005 -17"><span class='ocrx_word' id='word_1_144' title='bbox 21 1665 75 1723; x_wconf 91' lang='lat' dir='ltr'><strong>bus</strong></span> <span class='ocrx_word' id='word_1_145' title='bbox 93 1660 292 1740; x_wconf 81' lang='lat' dir='ltr'><strong>etSoripturse</strong></span> <span class='ocrx_word' id='word_1_146' title='bbox 309 1661 475 1720; x_wconf 74' lang='lat' dir='ltr'><strong>testimoniis</strong></span> <span class='ocrx_word' id='word_1_147' title='bbox 494 1662 651 1736; x_wconf 79' lang='lat' dir='ltr'><strong>moeruerit,</strong></span> <span class='ocrx_word' id='word_1_148' title='bbox 729 1663 747 1722; x_wconf 94' lang='lat' dir='ltr'><strong>d</strong></span> <span class='ocrx_word' id='word_1_149' title='bbox 766 1664 802 1722; x_wconf 89' lang='lat' dir='ltr'><strong>de</strong></span> <span class='ocrx_word' id='word_1_150' title='bbox 818 1667 1132 1728; x_wconf 80' lang='lat' dir='ltr'><strong>remorectioueeteoe·</strong></span> 
     </span>
     <span class='ocr_line' id='line_1_19' title="bbox 21 1738 1134 1825; baseline 0.002 -23"><span class='ocrx_word' id='word_1_151' title='bbox 21 1743 84 1802; x_wconf 89' lang='lat' dir='ltr'><strong>lesti</strong></span> <span class='ocrx_word' id='word_1_152' title='bbox 102 1742 161 1800; x_wconf 80' lang='lat' dir='ltr'><strong>vita</strong></span> <span class='ocrx_word' id='word_1_153' title='bbox 179 1739 314 1799; x_wconf 84' lang='lat' dir='ltr'><strong>tradebat.</strong></span> <span class='ocrx_word' id='word_1_154' title='bbox 344 1738 495 1800; x_wconf 79' lang='lat' dir='ltr'><strong>Caeterum</strong></span> <span class='ocrx_word' id='word_1_155' title='bbox 513 1740 614 1800; x_wconf 88' lang='lat' dir='ltr'><strong>merito</strong></span> <span class='ocrx_word' id='word_1_156' title='bbox 633 1740 669 1799; x_wconf 88' lang='lat' dir='ltr'><strong>ad</strong></span> <span class='ocrx_word' id='word_1_157' title='bbox 712 1743 739 1801; x_wconf 85' lang='lat' dir='ltr'><strong>ei</strong></span> <span class='ocrx_word' id='word_1_158' title='bbox 757 1743 910 1820; x_wconf 86' lang='lat' dir='ltr'><strong>potentiam</strong></span> <span class='ocrx_word' id='word_1_159' title='bbox 928 1753 1042 1804; x_wconf 85' lang='lat' dir='ltr'><strong>revocat</strong></span> <span class='ocrx_word' id='word_1_160' title='bbox 1060 1765 1134 1825; x_wconf 86' lang='lat' dir='ltr'><strong>quos</strong></span> 
     </span>
     <span class='ocr_line' id='line_1_20' title="bbox 21 1817 1133 1899; baseline 0.002 -19"><span class='ocrx_word' id='word_1_161' title='bbox 21 1821 181 1899; x_wconf 72' lang='lat' dir='ltr'><strong>alloquitur,</strong></span> <span class='ocrx_word' id='word_1_162' title='bbox 199 1837 236 1878; x_wconf 88' lang='lat' dir='ltr'><strong>no</strong></span> <span class='ocrx_word' id='word_1_163' title='bbox 254 1837 293 1878; x_wconf 90' lang='lat' dir='ltr'><strong>ex·</strong></span> <span class='ocrx_word' id='word_1_164' title='bbox 311 1837 408 1879; x_wconf 81' lang='lat' dir='ltr'><strong>sensus</strong></span> <span class='ocrx_word' id='word_1_165' title='bbox 427 1821 471 1880; x_wconf 87' lang='lat' dir='ltr'><strong>sui</strong></span> <span class='ocrx_word' id='word_1_166' title='bbox 488 1817 604 1879; x_wconf 78' lang='lat' dir='ltr'><strong>modiolo</strong></span> <span class='ocrx_word' id='word_1_167' title='bbox 623 1817 658 1878; x_wconf 86' lang='lat' dir='ltr'><strong>de</strong></span> <span class='ocrx_word' id='word_1_168' title='bbox 676 1820 873 1881; x_wconf 73' lang='lat' dir='ltr'><strong>illaindioeut.</strong></span> <span class='ocrx_word' id='word_1_169' title='bbox 906 1819 983 1881; x_wconf 88' lang='lat' dir='ltr'><strong>Nibil</strong></span> <span class='ocrx_word' id='word_1_170' title='bbox 1001 1824 1077 1882; x_wconf 87' lang='lat' dir='ltr'><strong>euim</strong></span> <span class='ocrx_word' id='word_1_171' title='bbox 1095 1823 1133 1883; x_wconf 85' lang='lat' dir='ltr'><strong>ad</strong></span> 
     </span>
    </p>
   </div>
   <div class='ocr_carea' id='block_1_3' title="bbox 21 1897 1329 1982">
    <p class='ocr_par' dir='ltr' id='par_1_5' title="bbox 21 1897 1329 1982">
     <span class='ocr_line' id='line_1_21' title="bbox 21 1897 1329 1982; baseline 0.005 -25"><span class='ocrx_word' id='word_1_172' title='bbox 21 1897 243 1982; x_wconf 86' lang='lat' dir='ltr'><strong>persuadendum</strong></span> <span class='ocrx_word' id='word_1_173' title='bbox 261 1899 350 1980; x_wconf 82' lang='lat' dir='ltr'><strong>magis</strong></span> <span class='ocrx_word' id='word_1_174' title='bbox 369 1897 480 1959; x_wconf 80' lang='lat' dir='ltr'><strong>difficile</strong></span> <span class='ocrx_word' id='word_1_175' title='bbox 495 1916 585 1978; x_wconf 40' lang='lat' dir='ltr'><strong>&#39;quarn</strong></span> <span class='ocrx_word' id='word_1_176' title='bbox 603 1897 698 1960; x_wconf 85' lang='lat' dir='ltr'><strong>intare</strong></span> <span class='ocrx_word' id='word_1_177' title='bbox 722 1917 872 1978; x_wconf 87' lang='lat' dir='ltr'><strong>corpomm</strong></span> <span class='ocrx_word' id='word_1_178' title='bbox 885 1901 1064 1975; x_wconf 73' lang='lat' dir='ltr'><strong>instauratio,</strong></span> <span class='ocrx_word' id='word_1_179' title='bbox 1082 1901 1134 1962; x_wconf 91' lang='lat' dir='ltr'><strong>nbi</strong></span> <span class='ocrx_word' id='word_1_180' title='bbox 1225 1912 1229 1930; x_wconf 80' lang='grc'><strong>“</strong></span> <span class='ocrx_word' id='word_1_181' title='bbox 1328 1959 1329 1974; x_wconf 66' lang='grc'>,</span> 
     </span>
    </p>
   </div>
   <div class='ocr_carea' id='block_1_4' title="bbox 21 1977 1134 2152">
    <p class='ocr_par' dir='ltr' id='par_1_6' title="bbox 21 1977 1134 2152">
     <span class='ocr_line' id='line_1_22' title="bbox 21 1977 1134 2116; baseline 0.002 -78"><span class='ocrx_word' id='word_1_182' title='bbox 21 1983 54 2038; x_wconf 91' lang='lat' dir='ltr'><strong>iu</strong></span> <span class='ocrx_word' id='word_1_183' title='bbox 74 1978 192 2038; x_wconf 90' lang='lat' dir='ltr'><strong>nibilum</strong></span> <span class='ocrx_word' id='word_1_184' title='bbox 210 1977 323 2038; x_wconf 87' lang='lat' dir='ltr'><strong>redacto</strong></span> <span class='ocrx_word' id='word_1_185' title='bbox 341 1977 459 2037; x_wconf 77' lang='lat' dir='ltr'><strong>inerint:</strong></span> <span class='ocrx_word' id='word_1_186' title='bbox 477 1978 630 2116; x_wconf 57' lang='lat' dir='ltr'><strong>erpo‘quia</strong></span> <span class='ocrx_word' id='word_1_187' title='bbox 647 1978 814 2056; x_wconf 79' lang='lat' dir='ltr'><strong>mysterium</strong></span> <span class='ocrx_word' id='word_1_188' title='bbox 833 1985 877 2037; x_wconf 88' lang='lat' dir='ltr'><strong>est</strong></span> <span class='ocrx_word' id='word_1_189' title='bbox 889 1979 974 2060; x_wconf 74' lang='lat' dir='ltr'><strong>louge</strong></span> <span class='ocrx_word' id='word_1_190' title='bbox 987 1980 1070 2039; x_wconf 89' lang='lat' dir='ltr'><strong>altius</strong></span> <span class='ocrx_word' id='word_1_191' title='bbox 1081 1980 1134 2040; x_wconf 87' lang='lat' dir='ltr'><strong>hu-</strong></span> 
     </span>
     <span class='ocr_line' id='line_1_23' title="bbox 21 2055 1133 2152; baseline 0.003 -36"><span class='ocrx_word' id='word_1_192' title='bbox 21 2077 104 2118; x_wconf 89' lang='lat' dir='ltr'><strong>mano</strong></span> <span class='ocrx_word' id='word_1_193' title='bbox 126 2057 254 2138; x_wconf 78' lang='lat' dir='ltr'><strong>ingenio,</strong></span> <span class='ocrx_word' id='word_1_194' title='bbox 281 2059 460 2117; x_wconf 81' lang='lat' dir='ltr'><strong>meminerint</strong></span> <span class='ocrx_word' id='word_1_195' title='bbox 477 2056 498 2116; x_wconf 88' lang='lat' dir='ltr'><strong>ii</strong></span> <span class='ocrx_word' id='word_1_196' title='bbox 517 2057 575 2117; x_wconf 86' lang='lat' dir='ltr'><strong>eles</strong></span> <span class='ocrx_word' id='word_1_197' title='bbox 594 2055 641 2116; x_wconf 88' lang='lat' dir='ltr'><strong>bio</strong></span> <span class='ocrx_word' id='word_1_198' title='bbox 659 2056 845 2152; x_wconf 85' lang='lat' dir='ltr'><strong>reputandum</strong></span> <span class='ocrx_word' id='word_1_199' title='bbox 864 2076 939 2132; x_wconf 87' lang='lat' dir='ltr'><strong>esse,</strong></span> <span class='ocrx_word' id='word_1_200' title='bbox 968 2077 1054 2152; x_wconf 58' lang='lat' dir='ltr'><strong>pom</strong></span> <span class='ocrx_word' id='word_1_201' title='bbox 1073 2059 1133 2120; x_wconf 88' lang='lat' dir='ltr'><strong>late</strong></span> 
     </span>
    </p>
   </div>
   <div class='ocr_carea' id='block_1_5' title="bbox 21 2121 1136 2276">
    <p class='ocr_par' dir='ltr' id='par_1_7' title="bbox 21 2121 1136 2276">
     <span class='ocr_line' id='line_1_24' title="bbox 21 2121 1136 2276; baseline 0.003 -81"><span class='ocrx_word' id='word_1_202' title='bbox 21 2143 113 2276; x_wconf 72' lang='lat' dir='ltr'><strong>potest</strong></span> <span class='ocrx_word' id='word_1_203' title='bbox 131 2137 266 2198; x_wconf 84' lang='lat' dir='ltr'><strong>immensa</strong></span> <span class='ocrx_word' id='word_1_204' title='bbox 284 2136 340 2196; x_wconf 90' lang='lat' dir='ltr'><strong>Dei</strong></span> <span class='ocrx_word' id='word_1_205' title='bbox 358 2138 544 2211; x_wconf 56' lang='lat' dir='ltr'><strong>virtum-non.</strong></span> <span class='ocrx_word' id='word_1_206' title='bbox 557 2135 625 2216; x_wconf 81' lang='lat' dir='ltr'><strong>quid</strong></span> <span class='ocrx_word' id='word_1_207' title='bbox 644 2136 697 2216; x_wconf 82' lang='lat' dir='ltr'><strong>ipss</strong></span> <span class='ocrx_word' id='word_1_208' title='bbox 716 2134 941 2232; x_wconf 82' lang='lat' dir='ltr'><strong>apprehendant,</strong></span> <span class='ocrx_word' id='word_1_209' title='bbox 953 2121 1136 2198; x_wconf 50' lang='lat' dir='ltr'><strong>sruud‘idem</strong></span> 
     </span>
    </p>
   </div>
   <div class='ocr_carea' id='block_1_6' title="bbox 21 2213 1134 2535">
    <p class='ocr_par' dir='ltr' id='par_1_8' title="bbox 21 2213 1134 2535">
     <span class='ocr_line' id='line_1_25' title="bbox 45 2213 1134 2298; baseline 0.004 -24"><span class='ocrx_word' id='word_1_210' title='bbox 45 2217 125 2275; x_wconf 83' lang='lat' dir='ltr'><strong>aulus</strong></span> <span class='ocrx_word' id='word_1_211' title='bbox 143 2216 275 2278; x_wconf 87' lang='lat' dir='ltr'><strong>admonet</strong></span> <span class='ocrx_word' id='word_1_212' title='bbox 293 2217 333 2276; x_wconf 85' lang='lat' dir='ltr'><strong>ed</strong></span> <span class='ocrx_word' id='word_1_213' title='bbox 347 2213 468 2298; x_wconf 86' lang='lat' dir='ltr'><strong>Philipp.</strong></span> <span class='ocrx_word' id='word_1_214' title='bbox 484 2219 512 2290; x_wconf 84' lang='lat'><strong>3,</strong></span> <span class='ocrx_word' id='word_1_215' title='bbox 531 2221 579 2277; x_wconf 72' lang='lat'><strong>21.</strong></span> <span class='ocrx_word' id='word_1_216' title='bbox 599 2213 672 2276; x_wconf 86' lang='lat' dir='ltr'><strong>Nom</strong></span> <span class='ocrx_word' id='word_1_217' title='bbox 691 2214 739 2274; x_wconf 83' lang='lat' dir='ltr'><strong>ubi</strong></span> <span class='ocrx_word' id='word_1_218' title='bbox 757 2233 860 2294; x_wconf 86' lang='lat' dir='ltr'><strong>eorpus</strong></span> <span class='ocrx_word' id='word_1_219' title='bbox 879 2222 1007 2276; x_wconf 86' lang='lat' dir='ltr'><strong>nostrum</strong></span> <span class='ocrx_word' id='word_1_220' title='bbox 1025 2216 1134 2296; x_wconf 71' lang='lat' dir='ltr'><strong>humile</strong></span> 
     </span>
     <span class='ocr_line' id='line_1_26' title="bbox 21 2293 1133 2376; baseline 0 -20"><span class='ocrx_word' id='word_1_221' title='bbox 21 2295 117 2356; x_wconf 82' lang='lat' dir='ltr'><strong>transii</strong></span> <span class='ocrx_word' id='word_1_222' title='bbox 206 2296 273 2356; x_wconf 87' lang='lat' dir='ltr'><strong>dum</strong></span> <span class='ocrx_word' id='word_1_223' title='bbox 297 2297 369 2354; x_wconf 83' lang='lat' dir='ltr'><strong>dixit</strong></span> <span class='ocrx_word' id='word_1_224' title='bbox 390 2297 503 2376; x_wconf 87' lang='lat' dir='ltr'><strong>corpori</strong></span> <span class='ocrx_word' id='word_1_225' title='bbox 522 2294 626 2355; x_wconf 85' lang='lat' dir='ltr'><strong>Christi</strong></span> <span class='ocrx_word' id='word_1_226' title='bbox 663 2293 782 2367; x_wconf 75' lang='lat' dir='ltr'><strong>leuiora,</strong></span> <span class='ocrx_word' id='word_1_227' title='bbox 810 2295 944 2354; x_wconf 74' lang='lat' dir='ltr'><strong>musano</strong></span> <span class='ocrx_word' id='word_1_228' title='bbox 963 2301 1028 2374; x_wconf 89' lang='lat' dir='ltr'><strong>post</strong></span> <span class='ocrx_word' id='word_1_229' title='bbox 1047 2297 1133 2374; x_wconf 84' lang='lat' dir='ltr'><strong>addit,</strong></span> 
     </span>
     <span class='ocr_line' id='line_1_27' title="bbox 21 2314 1133 2454; baseline 0.001 -20"><span class='ocrx_word' id='word_1_230' title='bbox 21 2374 114 2434; x_wconf 88' lang='lat' dir='ltr'><strong>Seoun</strong></span> <span class='ocrx_word' id='word_1_231' title='bbox 191 2373 351 2449; x_wconf 81' lang='lat' dir='ltr'><strong>efficaciam,</strong></span> <span class='ocrx_word' id='word_1_232' title='bbox 367 2393 423 2454; x_wconf 88' lang='lat' dir='ltr'><strong>qua</strong></span> <span class='ocrx_word' id='word_1_233' title='bbox 458 2379 532 2434; x_wconf 86' lang='lat' dir='ltr'><strong>otest</strong></span> <span class='ocrx_word' id='word_1_234' title='bbox 544 2373 597 2434; x_wconf 91' lang='lat' dir='ltr'><strong>sibi</strong></span> <span class='ocrx_word' id='word_1_235' title='bbox 611 2314 746 2434; x_wconf 67' lang='lat' dir='ltr'><strong>subiicere</strong></span> <span class='ocrx_word' id='word_1_236' title='bbox 755 2373 858 2432; x_wconf 89' lang='lat' dir='ltr'><strong>omnia.</strong></span> <span class='ocrx_word' id='word_1_237' title='bbox 877 2371 935 2434; x_wconf 87' lang='lat' dir='ltr'><strong>Sed</strong></span> <span class='ocrx_word' id='word_1_238' title='bbox 949 2374 1133 2453; x_wconf 85' lang='lat' dir='ltr'><strong>utplurbnuru</strong></span> 
     </span>
     <span class='ocr_line' id='line_1_28' title="bbox 21 2453 1133 2535; baseline 0.001 -22"><span class='ocrx_word' id='word_1_239' title='bbox 21 2455 133 2535; x_wconf 78' lang='lat' dir='ltr'><strong>maligni</strong></span> <span class='ocrx_word' id='word_1_240' title='bbox 149 2455 180 2512; x_wconf 94' lang='lat' dir='ltr'><strong>in</strong></span> <span class='ocrx_word' id='word_1_241' title='bbox 200 2453 294 2514; x_wconf 79' lang='lat' dir='ltr'><strong>Deum</strong></span> <span class='ocrx_word' id='word_1_242' title='bbox 312 2461 343 2513; x_wconf 88' lang='lat' dir='ltr'><strong>et</strong></span> <span class='ocrx_word' id='word_1_243' title='bbox 359 2456 451 2514; x_wconf 80' lang='lat' dir='ltr'><strong>iniurri</strong></span> <span class='ocrx_word' id='word_1_244' title='bbox 470 2460 537 2513; x_wconf 88' lang='lat' dir='ltr'><strong>sunt</strong></span> <span class='ocrx_word' id='word_1_245' title='bbox 551 2453 681 2512; x_wconf 85' lang='lat' dir='ltr'><strong>bomines</strong></span> <span class='ocrx_word' id='word_1_246' title='bbox 699 2453 749 2532; x_wconf 80' lang='lat' dir='ltr'><strong>qni</strong></span> <span class='ocrx_word' id='word_1_247' title='bbox 767 2453 879 2534; x_wconf 72' lang='lat' dir='ltr'><strong>longius</strong></span> <span class='ocrx_word' id='word_1_248' title='bbox 897 2453 1010 2512; x_wconf 70' lang='lat' dir='ltr'><strong>extend</strong></span> <span class='ocrx_word' id='word_1_249' title='bbox 1029 2453 1133 2514; x_wconf 90' lang='lat' dir='ltr'><strong>uolunt</strong></span> 
     </span>
    </p>
   </div>
   <div class='ocr_carea' id='block_1_7' title="bbox 21 2531 1253 2613">
    <p class='ocr_par' dir='ltr' id='par_1_9' title="bbox 21 2531 1253 2613">
     <span class='ocr_line' id='line_1_29' title="bbox 21 2531 1253 2613; baseline 0.002 -21"><span class='ocrx_word' id='word_1_250' title='bbox 21 2536 79 2592; x_wconf 88' lang='lat' dir='ltr'><strong>eius</strong></span> <span class='ocrx_word' id='word_1_251' title='bbox 104 2531 263 2605; x_wconf 75' lang='lat' dir='ltr'><strong>brachium,</strong></span> <span class='ocrx_word' id='word_1_252' title='bbox 291 2551 377 2612; x_wconf 87' lang='lat' dir='ltr'><strong>quam</strong></span> <span class='ocrx_word' id='word_1_253' title='bbox 401 2534 540 2613; x_wconf 73' lang='lat' dir='ltr'><strong>pertingat</strong></span> <span class='ocrx_word' id='word_1_254' title='bbox 556 2533 681 2613; x_wconf 83' lang='lat' dir='ltr'><strong>ipsorum</strong></span> <span class='ocrx_word' id='word_1_255' title='bbox 700 2551 813 2606; x_wconf 69' lang='lat' dir='ltr'><strong>masos,</strong></span> <span class='ocrx_word' id='word_1_256' title='bbox 840 2532 880 2591; x_wconf 80' lang='lat' dir='ltr'><strong>its</strong></span> <span class='ocrx_word' id='word_1_257' title='bbox 898 2538 1035 2612; x_wconf 63' lang='lat' dir='ltr'><strong>motum</strong></span> <span class='ocrx_word' id='word_1_258' title='bbox 1050 2533 1083 2594; x_wconf 88' lang='lat' dir='ltr'><strong>-in</strong></span> <span class='ocrx_word' id='word_1_259' title='bbox 1101 2553 1136 2594; x_wconf 84' lang='lat' dir='ltr'><strong>so</strong></span> <span class='ocrx_word' id='word_1_260' title='bbox 1247 2544 1253 2556; x_wconf 78' lang='lat'><strong><em>‘</em></strong></span> 
     </span>
    </p>
   </div>
   <div class='ocr_carea' id='block_1_8' title="bbox 21 2611 1156 3009">
    <p class='ocr_par' dir='ltr' id='par_1_10' title="bbox 21 2611 1156 2852">
     <span class='ocr_line' id='line_1_30' title="bbox 21 2611 1138 2693; baseline -0.001 -20"><span class='ocrx_word' id='word_1_261' title='bbox 21 2619 63 2673; x_wconf 87' lang='lat' dir='ltr'><strong>est</strong></span> <span class='ocrx_word' id='word_1_262' title='bbox 87 2629 205 2692; x_wconf 87' lang='lat' dir='ltr'><strong>operum</strong></span> <span class='ocrx_word' id='word_1_263' title='bbox 228 2613 287 2672; x_wconf 89' lang='lat' dir='ltr'><strong>eius</strong></span> <span class='ocrx_word' id='word_1_264' title='bbox 312 2613 543 2692; x_wconf 77' lang='lat' dir='ltr'><strong>magnitudinem,</strong></span> <span class='ocrx_word' id='word_1_265' title='bbox 575 2629 649 2690; x_wconf 87' lang='lat' dir='ltr'><strong>queo</strong></span> <span class='ocrx_word' id='word_1_266' title='bbox 672 2611 782 2672; x_wconf 74' lang='grc' dir='ltr'>ωεΙιιω</span> <span class='ocrx_word' id='word_1_267' title='bbox 805 2615 956 2672; x_wconf 82' lang='lat' dir='ltr'><strong>ettonem</strong></span> <span class='ocrx_word' id='word_1_268' title='bbox 973 2619 1138 2693; x_wconf 70' lang='lat' dir='ltr'><strong>exsuperat,</strong></span> 
     </span>
     <span class='ocr_line' id='line_1_31' title="bbox 21 2689 1156 2774; baseline -0.001 -23"><span class='ocrx_word' id='word_1_269' title='bbox 21 2692 120 2751; x_wconf 85' lang='lat' dir='ltr'><strong>restrin</strong></span> <span class='ocrx_word' id='word_1_270' title='bbox 209 2697 342 2770; x_wconf 85' lang='lat' dir='ltr'><strong>cuperent</strong></span> <span class='ocrx_word' id='word_1_271' title='bbox 365 2691 402 2751; x_wconf 90' lang='lat' dir='ltr'><strong>ed</strong></span> <span class='ocrx_word' id='word_1_272' title='bbox 425 2711 491 2752; x_wconf 90' lang='lat' dir='ltr'><strong>suas</strong></span> <span class='ocrx_word' id='word_1_273' title='bbox 514 2711 549 2751; x_wconf 89' lang='lat' dir='ltr'><strong>an</strong></span> <span class='ocrx_word' id='word_1_274' title='bbox 616 2693 669 2750; x_wconf 77' lang='lat' dir='ltr'><strong>&#39;ose</strong></span> <span class='ocrx_word' id='word_1_275' title='bbox 693 2697 791 2752; x_wconf 80' lang='lat' dir='ltr'><strong>sonim</strong></span> <span class='ocrx_word' id='word_1_276' title='bbox 814 2709 885 2752; x_wconf 85' lang='lat' dir='ltr'><strong>vero</strong></span> <span class='ocrx_word' id='word_1_277' title='bbox 908 2689 1030 2768; x_wconf 88' lang='lat' dir='ltr'><strong>Paulus,</strong></span> <span class='ocrx_word' id='word_1_278' title='bbox 1054 2711 1093 2774; x_wconf 80' lang='lat' dir='ltr'><strong>qu</strong></span> <span class='ocrx_word' id='word_1_279' title='bbox 1154 2695 1156 2700; x_wconf 87' lang='grc'><strong>’</strong></span> 
     </span>
     <span class='ocr_line' id='line_1_32' title="bbox 21 2709 1134 2852; baseline 0.003 -23"><span class='ocrx_word' id='word_1_280' title='bbox 21 2771 109 2852; x_wconf 84' lang='lat' dir='ltr'><strong>possit</strong></span> <span class='ocrx_word' id='word_1_281' title='bbox 121 2709 220 2842; x_wconf 53' lang='lat' dir='ltr'><strong>bibe,</strong></span> <span class='ocrx_word' id='word_1_282' title='bbox 238 2770 398 2850; x_wconf 64' lang='lat' dir='ltr'><strong>emordet-e</strong></span> <span class='ocrx_word' id='word_1_283' title='bbox 415 2787 468 2831; x_wconf 85' lang='lat' dir='ltr'><strong>noe</strong></span> <span class='ocrx_word' id='word_1_284' title='bbox 486 2771 577 2845; x_wconf 89' lang='lat' dir='ltr'><strong>iubet,</strong></span> <span class='ocrx_word' id='word_1_285' title='bbox 600 2777 633 2830; x_wconf 89' lang='lat' dir='ltr'><strong>nt</strong></span> <span class='ocrx_word' id='word_1_286' title='bbox 651 2789 736 2851; x_wconf 87' lang='lat' dir='ltr'><strong>sopra</strong></span> <span class='ocrx_word' id='word_1_287' title='bbox 754 2771 893 2832; x_wconf 88' lang='lat' dir='ltr'><strong>muudum</strong></span> <span class='ocrx_word' id='word_1_288' title='bbox 911 2773 996 2835; x_wconf 82' lang='lat' dir='ltr'><strong>erecti</strong></span> <span class='ocrx_word' id='word_1_289' title='bbox 1014 2791 1052 2832; x_wconf 80' lang='lat' dir='ltr'><strong>ex</strong></span> <span class='ocrx_word' id='word_1_290' title='bbox 1071 2791 1134 2832; x_wconf 86' lang='lat' dir='ltr'><strong>ona·</strong></span> 
     </span>
    </p>

    <p class='ocr_par' dir='ltr' id='par_1_11' title="bbox 21 2849 1130 2933">
     <span class='ocr_line' id='line_1_33' title="bbox 21 2849 1130 2933; baseline 0.005 -24"><span class='ocrx_word' id='word_1_291' title='bbox 21 2850 172 2930; x_wconf 89' lang='lat' dir='ltr'><strong>nipoteutia</strong></span> <span class='ocrx_word' id='word_1_292' title='bbox 185 2849 268 2920; x_wconf 86' lang='lat' dir='ltr'><strong>illius,</strong></span> <span class='ocrx_word' id='word_1_293' title='bbox 287 2869 344 2910; x_wconf 91' lang='lat' dir='ltr'><strong>oon</strong></span> <span class='ocrx_word' id='word_1_294' title='bbox 357 2849 496 2912; x_wconf 87' lang='lat' dir='ltr'><strong>imbecillo</strong></span> <span class='ocrx_word' id='word_1_295' title='bbox 510 2851 611 2914; x_wconf 86' lang='lat' dir='ltr'><strong>mentis</strong></span> <span class='ocrx_word' id='word_1_296' title='bbox 625 2851 839 2933; x_wconf 77' lang='lat' dir='ltr'><strong>uostrneeaptu,</strong></span> <span class='ocrx_word' id='word_1_297' title='bbox 856 2849 942 2914; x_wconf 82' lang='lat' dir='ltr'><strong>fidem</strong></span> <span class='ocrx_word' id='word_1_298' title='bbox 951 2853 1130 2914; x_wconf 66' lang='lat' dir='ltr'><strong>remetio-</strong></span> 
     </span>
    </p>

    <p class='ocr_par' dir='ltr' id='par_1_12' title="bbox 21 2929 634 3009">
     <span class='ocr_line' id='line_1_34' title="bbox 21 2929 634 3009; baseline 0 -19"><span class='ocrx_word' id='word_1_299' title='bbox 21 2931 62 2990; x_wconf 83' lang='lat' dir='ltr'><strong>uis</strong></span> <span class='ocrx_word' id='word_1_300' title='bbox 81 2929 229 3009; x_wconf 82' lang='lat' dir='ltr'><strong>concipere</strong></span> <span class='ocrx_word' id='word_1_301' title='bbox 247 2929 393 2990; x_wconf 77' lang='lat' dir='ltr'><strong>diseamm</strong></span> <span class='ocrx_word' id='word_1_302' title='bbox 441 2969 444 2982; x_wconf 85' lang='lat'>·</span> <span class='ocrx_word' id='word_1_303' title='bbox 632 2967 634 2974; x_wconf 32' lang='grc' dir='ltr'><em>ν</em></span> 
     </span>
    </p>
   </div>
   <div class='ocr_carea' id='block_1_9' title="bbox 106 3035 1133 3175">
    <p class='ocr_par' dir='ltr' id='par_1_13' title="bbox 106 3035 1133 3175">
     <span class='ocr_line' id='line_1_35' title="bbox 106 3035 1133 3175; baseline 0.008 -27"><span class='ocrx_word' id='word_1_304' title='bbox 106 3083 139 3150; x_wconf 91' lang='grc'><strong>9.</strong></span> <span class='ocrx_word' id='word_1_305' title='bbox 161 3082 203 3150; x_wconf 85' lang='lat' dir='ltr'><strong>Et</strong></span> <span class='ocrx_word' id='word_1_306' title='bbox 224 3105 283 3175; x_wconf 81' lang='lat' dir='ltr'><strong>ego</strong></span> <span class='ocrx_word' id='word_1_307' title='bbox 306 3085 431 3174; x_wconf 87' lang='lat' dir='ltr'><strong>quidem</strong></span> <span class='ocrx_word' id='word_1_308' title='bbox 453 3049 675 3169; x_wconf 84' lang='lat' dir='ltr'><strong>existimabam,</strong></span> <span class='ocrx_word' id='word_1_309' title='bbox 695 3035 748 3155; x_wconf 86' lang='lat' dir='ltr'><strong>ure</strong></span> <span class='ocrx_word' id='word_1_310' title='bbox 762 3087 911 3156; x_wconf 86' lang='lat' dir='ltr'><strong>adversus</strong></span> <span class='ocrx_word' id='word_1_311' title='bbox 928 3109 1045 3154; x_wconf 89' lang='lat' dir='ltr'><strong>nomen</strong></span> <span class='ocrx_word' id='word_1_312' title='bbox 1061 3087 1133 3156; x_wconf 90' lang='lat' dir='ltr'><strong>lesu</strong></span> 
     </span>
    </p>
   </div>
   <div class='ocr_carea' id='block_1_10' title="bbox 21 3183 1258 3285">
    <p class='ocr_par' dir='ltr' id='par_1_14' title="bbox 21 3183 1258 3285">
     <span class='ocr_line' id='line_1_36' title="bbox 21 3183 1258 3285; baseline 0.002 -29"><span class='ocrx_word' id='word_1_313' title='bbox 21 3183 189 3256; x_wconf 68' lang='lat' dir='ltr'><strong>Nazareui&#39;</strong></span> <span class='ocrx_word' id='word_1_314' title='bbox 212 3187 310 3256; x_wconf 81' lang='lat' dir='ltr'><strong>multa</strong></span> <span class='ocrx_word' id='word_1_315' title='bbox 346 3191 547 3282; x_wconf 82' lang='lat' dir='ltr'><strong>repugnando</strong></span> <span class='ocrx_word' id='word_1_316' title='bbox 585 3191 750 3285; x_wconf 49' lang='lat' dir='ltr'><strong>loctunam(</strong></span> <span class='ocrx_word' id='word_1_317' title='bbox 802 3193 852 3258; x_wconf 89' lang='grc'><strong>10.</strong></span> <span class='ocrx_word' id='word_1_318' title='bbox 885 3191 979 3278; x_wconf 81' lang='lat' dir='ltr'><strong>Quod</strong></span> <span class='ocrx_word' id='word_1_319' title='bbox 1011 3201 1043 3262; x_wconf 88' lang='lat' dir='ltr'><strong>et</strong></span> <span class='ocrx_word' id='word_1_320' title='bbox 1074 3193 1133 3262; x_wconf 82' lang='lat' dir='ltr'><strong>ieci</strong></span> <span class='ocrx_word' id='word_1_321' title='bbox 1166 3197 1167 3205; x_wconf 74' lang='grc'>’</span> <span class='ocrx_word' id='word_1_322' title='bbox 1255 3213 1258 3224; x_wconf 91' lang='grc'><em>·</em></span> 
     </span>
    </p>
   </div>
   <div class='ocr_carea' id='block_1_11' title="bbox 21 3283 1149 3388">
    <p class='ocr_par' dir='ltr' id='par_1_15' title="bbox 21 3283 1149 3388">
     <span class='ocr_line' id='line_1_37' title="bbox 21 3283 1149 3388; baseline 0.005 -28"><span class='ocrx_word' id='word_1_323' title='bbox 21 3283 266 3385; x_wconf 77' lang='lat' dir='ltr'><strong>Hierosolymis,</strong></span> <span class='ocrx_word' id='word_1_324' title='bbox 294 3305 326 3362; x_wconf 93' lang='lat' dir='ltr'><strong>et</strong></span> <span class='ocrx_word' id='word_1_325' title='bbox 346 3295 463 3364; x_wconf 89' lang='lat' dir='ltr'><strong>multos</strong></span> <span class='ocrx_word' id='word_1_326' title='bbox 479 3293 666 3372; x_wconf 84' lang='lat' dir='ltr'><strong>Sanctorum¹</strong></span> <span class='ocrx_word' id='word_1_327' title='bbox 687 3320 744 3388; x_wconf 83' lang='lat' dir='ltr'><strong>ego</strong></span> <span class='ocrx_word' id='word_1_328' title='bbox 767 3297 937 3366; x_wconf 82' lang='lat' dir='ltr'><strong>carceribus</strong></span> <span class='ocrx_word' id='word_1_329' title='bbox 958 3297 1081 3382; x_wconf 84' lang='lat' dir='ltr'><strong>inclusi,</strong></span> <span class='ocrx_word' id='word_1_330' title='bbox 1113 3323 1149 3366; x_wconf 85' lang='lat' dir='ltr'><strong>a</strong></span> 
     </span>
    </p>
   </div>
   <div class='ocr_carea' id='block_1_12' title="bbox 21 3399 1266 3604">
    <p class='ocr_par' dir='ltr' id='par_1_16' title="bbox 21 3399 1266 3604">
     <span class='ocr_line' id='line_1_38' title="bbox 21 3399 1266 3494; baseline 0.006 -28"><span class='ocrx_word' id='word_1_331' title='bbox 21 3399 208 3491; x_wconf 83' lang='lat' dir='ltr'><strong>principibus</strong></span> <span class='ocrx_word' id='word_1_332' title='bbox 234 3400 438 3468; x_wconf 82' lang='lat' dir='ltr'><strong>sacerdotum</strong></span> <span class='ocrx_word' id='word_1_333' title='bbox 470 3411 623 3490; x_wconf 82' lang='lat' dir='ltr'><strong>potestate</strong></span> <span class='ocrx_word' id='word_1_334' title='bbox 654 3411 793 3493; x_wconf 79' lang='lat' dir='ltr'><strong>acceptae</strong></span> <span class='ocrx_word' id='word_1_335' title='bbox 827 3412 859 3470; x_wconf 89' lang='lat' dir='ltr'><strong>et</strong></span> <span class='ocrx_word' id='word_1_336' title='bbox 891 3426 990 3494; x_wconf 61' lang='lat' dir='ltr'><strong>maun</strong></span> <span class='ocrx_word' id='word_1_337' title='bbox 1017 3405 1133 3472; x_wconf 85' lang='lat' dir='ltr'><strong>oocide·</strong></span> <span class='ocrx_word' id='word_1_338' title='bbox 1203 3403 1206 3412; x_wconf 57' lang='lat'><em>⁴</em></span> <span class='ocrx_word' id='word_1_339' title='bbox 1259 3415 1266 3430; x_wconf 89' lang='lat'>&#39;</span> 
     </span>
     <span class='ocr_line' id='line_1_39' title="bbox 21 3499 1262 3604; baseline 0.006 -33"><span class='ocrx_word' id='word_1_340' title='bbox 21 3516 140 3590; x_wconf 86' lang='lat' dir='ltr'><strong>rentur,</strong></span> <span class='ocrx_word' id='word_1_341' title='bbox 167 3505 261 3574; x_wconf 90' lang='lat' dir='ltr'><strong>detuli</strong></span> <span class='ocrx_word' id='word_1_342' title='bbox 291 3507 485 3574; x_wconf 85' lang='lat' dir='ltr'><strong>sententiam.</strong></span> <span class='ocrx_word' id='word_1_343' title='bbox 530 3508 581 3574; x_wconf 91' lang='lat'><strong>11.</strong></span> <span class='ocrx_word' id='word_1_344' title='bbox 603 3503 646 3573; x_wconf 86' lang='lat' dir='ltr'><strong>Et</strong></span> <span class='ocrx_word' id='word_1_345' title='bbox 666 3531 722 3598; x_wconf 90' lang='lat' dir='ltr'><strong>per</strong></span> <span class='ocrx_word' id='word_1_346' title='bbox 744 3531 854 3576; x_wconf 89' lang='lat' dir='ltr'><strong>omnes</strong></span> <span class='ocrx_word' id='word_1_347' title='bbox 875 3505 1056 3604; x_wconf 76' lang='lat' dir='ltr'><strong>Sy&#39;oagogas</strong></span> <span class='ocrx_word' id='word_1_348' title='bbox 1077 3509 1133 3578; x_wconf 79' lang='lat' dir='ltr'><strong>ire</strong></span> <span class='ocrx_word' id='word_1_349' title='bbox 1236 3499 1262 3542; x_wconf 74' lang='lat'><strong>&#39;⁶</strong></span> 
     </span>
    </p>
   </div>
   <div class='ocr_carea' id='block_1_13' title="bbox 21 3599 1132 4132">
    <p class='ocr_par' dir='ltr' id='par_1_17' title="bbox 21 3599 1132 4132">
     <span class='ocr_line' id='line_1_40' title="bbox 21 3599 1132 3706; baseline 0.006 -29"><span class='ocrx_word' id='word_1_350' title='bbox 21 3622 152 3702; x_wconf 78' lang='lat' dir='ltr'><strong>quanter</strong></span> <span class='ocrx_word' id='word_1_351' title='bbox 177 3613 311 3703; x_wconf 89' lang='lat' dir='ltr'><strong>puniens</strong></span> <span class='ocrx_word' id='word_1_352' title='bbox 337 3635 408 3695; x_wconf 90' lang='lat' dir='ltr'><strong>eos,</strong></span> <span class='ocrx_word' id='word_1_353' title='bbox 440 3599 664 3704; x_wconf 78' lang='lat' dir='ltr'><strong>compellebam</strong></span> <span class='ocrx_word' id='word_1_354' title='bbox 684 3613 915 3706; x_wconf 75' lang='lat' dir='ltr'><strong>blasphemaret</strong></span> <span class='ocrx_word' id='word_1_355' title='bbox 947 3606 1132 3706; x_wconf 81' lang='lat' dir='ltr'><strong>etamplius</strong></span> 
     </span>
     <span class='ocr_line' id='line_1_41' title="bbox 21 3706 1131 3810; baseline 0.006 -29"><span class='ocrx_word' id='word_1_356' title='bbox 21 3718 175 3784; x_wconf 79' lang='lat' dir='ltr'><strong>insaniens</strong></span> <span class='ocrx_word' id='word_1_357' title='bbox 200 3719 234 3784; x_wconf 92' lang='lat' dir='ltr'><strong>iu</strong></span> <span class='ocrx_word' id='word_1_358' title='bbox 260 3706 332 3800; x_wconf 84' lang='lat' dir='ltr'><strong>eos,</strong></span> <span class='ocrx_word' id='word_1_359' title='bbox 363 3719 573 3809; x_wconf 84' lang='lat' dir='ltr'><strong>persequebar</strong></span> <span class='ocrx_word' id='word_1_360' title='bbox 599 3719 692 3786; x_wconf 89' lang='lat' dir='ltr'><strong>etiam</strong></span> <span class='ocrx_word' id='word_1_361' title='bbox 711 3721 745 3788; x_wconf 92' lang='lat' dir='ltr'><strong>in</strong></span> <span class='ocrx_word' id='word_1_362' title='bbox 767 3731 888 3789; x_wconf 84' lang='lat' dir='ltr'><strong>exteras</strong></span> <span class='ocrx_word' id='word_1_363' title='bbox 909 3743 1011 3810; x_wconf 88' lang='lat' dir='ltr'><strong>usque</strong></span> <span class='ocrx_word' id='word_1_364' title='bbox 1032 3721 1131 3788; x_wconf 76' lang='lat' dir='ltr'><strong>civita</strong></span> 
     </span>
     <span class='ocr_line' id='line_1_42' title="bbox 21 3822 1131 3916; baseline 0.005 -28"><span class='ocrx_word' id='word_1_365' title='bbox 21 3845 72 3889; x_wconf 79' lang='lat' dir='ltr'><strong>:es</strong></span> <span class='ocrx_word' id='word_1_366' title='bbox 120 3823 173 3889; x_wconf 77' lang='lat'><strong>12.</strong></span> <span class='ocrx_word' id='word_1_367' title='bbox 195 3822 335 3909; x_wconf 84' lang='lat' dir='ltr'><strong>Quarum</strong></span> <span class='ocrx_word' id='word_1_368' title='bbox 359 3847 464 3890; x_wconf 91' lang='lat' dir='ltr'><strong>rerum</strong></span> <span class='ocrx_word' id='word_1_369' title='bbox 490 3824 593 3892; x_wconf 69' lang='lat' dir='ltr'><strong>dudio</strong></span> <span class='ocrx_word' id='word_1_370' title='bbox 624 3849 721 3916; x_wconf 88' lang='lat' dir='ltr'><strong>quum</strong></span> <span class='ocrx_word' id='word_1_371' title='bbox 747 3825 824 3895; x_wconf 91' lang='lat' dir='ltr'><strong>irem</strong></span> <span class='ocrx_word' id='word_1_372' title='bbox 845 3826 1036 3910; x_wconf 74' lang='lat' dir='ltr'><strong>Damascum</strong></span> <span class='ocrx_word' id='word_1_373' title='bbox 1058 3847 1131 3893; x_wconf 84' lang='lat' dir='ltr'><strong>cum</strong></span> 
     </span>
     <span class='ocr_line' id='line_1_43' title="bbox 21 3929 1131 4022; baseline 0.005 -29"><span class='ocrx_word' id='word_1_374' title='bbox 21 3929 200 3996; x_wconf 81' lang='lat' dir='ltr'><strong>auctoritate</strong></span> <span class='ocrx_word' id='word_1_375' title='bbox 226 3939 259 3996; x_wconf 90' lang='lat' dir='ltr'><strong>et</strong></span> <span class='ocrx_word' id='word_1_376' title='bbox 282 3929 437 4019; x_wconf 90' lang='lat' dir='ltr'><strong>permissu</strong></span> <span class='ocrx_word' id='word_1_377' title='bbox 462 3929 636 4022; x_wconf 83' lang='lat' dir='ltr'><strong>principum</strong></span> <span class='ocrx_word' id='word_1_378' title='bbox 652 3933 871 4016; x_wconf 81' lang='lat' dir='ltr'><strong>sacerdotum,</strong></span> <span class='ocrx_word' id='word_1_379' title='bbox 915 3933 965 4008; x_wconf 89' lang='grc'><strong>13.</strong></span> <span class='ocrx_word' id='word_1_380' title='bbox 986 3931 1046 4000; x_wconf 90' lang='lat' dir='ltr'><strong>Die</strong></span> <span class='ocrx_word' id='word_1_381' title='bbox 1067 3953 1131 3998; x_wconf 80' lang='lat' dir='ltr'><strong>me</strong></span> 
     </span>
     <span class='ocr_line' id='line_1_44' title="bbox 21 4031 1130 4132; baseline 0.008 -34"><span class='ocrx_word' id='word_1_382' title='bbox 21 4033 86 4116; x_wconf 80' lang='lat' dir='ltr'><strong>tio,</strong></span> <span class='ocrx_word' id='word_1_383' title='bbox 115 4031 200 4116; x_wconf 89' lang='lat' dir='ltr'><strong>Rex,</strong></span> <span class='ocrx_word' id='word_1_384' title='bbox 226 4033 260 4100; x_wconf 92' lang='lat' dir='ltr'><strong>in</strong></span> <span class='ocrx_word' id='word_1_385' title='bbox 286 4034 336 4102; x_wconf 85' lang='lat' dir='ltr'><strong>viu</strong></span> <span class='ocrx_word' id='word_1_386' title='bbox 356 4035 421 4102; x_wconf 80' lang='lat' dir='ltr'><strong>vidi</strong></span> <span class='ocrx_word' id='word_1_387' title='bbox 442 4059 461 4102; x_wconf 90' lang='lat' dir='ltr'><strong>e</strong></span> <span class='ocrx_word' id='word_1_388' title='bbox 482 4035 571 4104; x_wconf 88' lang='lat' dir='ltr'><strong>coelo</strong></span> <span class='ocrx_word' id='word_1_389' title='bbox 593 4059 685 4127; x_wconf 87' lang='lat' dir='ltr'><strong>supra</strong></span> <span class='ocrx_word' id='word_1_390' title='bbox 707 4037 904 4128; x_wconf 81' lang='lat' dir='ltr'><strong>splendorem</strong></span> <span class='ocrx_word' id='word_1_391' title='bbox 926 4037 1001 4132; x_wconf 82' lang='lat' dir='ltr'><strong>solis</strong></span> <span class='ocrx_word' id='word_1_392' title='bbox 1022 4037 1130 4107; x_wconf 87' lang='lat' dir='ltr'><strong>lumen</strong></span> 
     </span>
    </p>
   </div>
   <div class='ocr_carea' id='block_1_14' title="bbox 21 4133 1245 4231">
    <p class='ocr_par' dir='ltr' id='par_1_18' title="bbox 21 4133 1245 4231">
     <span class='ocr_line' id='line_1_45' title="bbox 21 4133 1245 4231; baseline 0.006 -27"><span class='ocrx_word' id='word_1_393' title='bbox 21 4161 67 4206; x_wconf 87' lang='lat' dir='ltr'><strong>me</strong></span> <span class='ocrx_word' id='word_1_394' title='bbox 91 4135 340 4231; x_wconf 77' lang='lat' dir='ltr'><strong>circumfulgens,</strong></span> <span class='ocrx_word' id='word_1_395' title='bbox 361 4151 392 4208; x_wconf 92' lang='lat' dir='ltr'><strong>et</strong></span> <span class='ocrx_word' id='word_1_396' title='bbox 414 4163 469 4206; x_wconf 94' lang='lat' dir='ltr'><strong>eos</strong></span> <span class='ocrx_word' id='word_1_397' title='bbox 491 4139 545 4230; x_wconf 88' lang='lat' dir='ltr'><strong>qui</strong></span> <span class='ocrx_word' id='word_1_398' title='bbox 561 4133 685 4208; x_wconf 86' lang='lat' dir='ltr'><strong>mecum</strong></span> <span class='ocrx_word' id='word_1_399' title='bbox 702 4143 850 4210; x_wconf 86' lang='lat' dir='ltr'><strong>iaciebant</strong></span> <span class='ocrx_word' id='word_1_400' title='bbox 865 4143 932 4212; x_wconf 86' lang='lat' dir='ltr'><strong>iter.</strong></span> <span class='ocrx_word' id='word_1_401' title='bbox 956 4139 1006 4210; x_wconf 81' lang='lat'><strong>14.</strong></span> <span class='ocrx_word' id='word_1_402' title='bbox 1022 4143 1130 4228; x_wconf 79' lang='lat' dir='ltr'><strong>Quum</strong></span> <span class='ocrx_word' id='word_1_403' title='bbox 1187 4187 1190 4196; x_wconf 90' lang='lat'>·</span> <span class='ocrx_word' id='word_1_404' title='bbox 1242 4201 1245 4211; x_wconf 90' lang='lat'><em>.</em></span> 
     </span>
    </p>
   </div>
   <div class='ocr_carea' id='block_1_15' title="bbox 21 4245 1130 4339">
    <p class='ocr_par' dir='ltr' id='par_1_19' title="bbox 21 4245 1130 4339">
     <span class='ocr_line' id='line_1_46' title="bbox 21 4245 1130 4339; baseline 0.006 -30"><span class='ocrx_word' id='word_1_405' title='bbox 21 4253 123 4322; x_wconf 71' lang='lat' dir='ltr'><strong>autem</strong></span> <span class='ocrx_word' id='word_1_406' title='bbox 143 4268 263 4324; x_wconf 71' lang='lat' dir='ltr'><strong>,omues</strong></span> <span class='ocrx_word' id='word_1_407' title='bbox 289 4269 349 4317; x_wconf 86' lang='lat' dir='ltr'><strong>uos</strong></span> <span class='ocrx_word' id='word_1_408' title='bbox 379 4245 597 4323; x_wconf 88' lang='lat' dir='ltr'><strong>decidissemus</strong></span> <span class='ocrx_word' id='word_1_409' title='bbox 619 4247 800 4332; x_wconf 84' lang='lat' dir='ltr'><strong>interram,</strong></span> <span class='ocrx_word' id='word_1_410' title='bbox 831 4249 936 4322; x_wconf 85' lang='lat' dir='ltr'><strong>audivi</strong></span> <span class='ocrx_word' id='word_1_411' title='bbox 953 4273 1069 4339; x_wconf 76' lang='lat' dir='ltr'><strong>rocem</strong></span> <span class='ocrx_word' id='word_1_412' title='bbox 1087 4247 1130 4316; x_wconf 84' lang='lat' dir='ltr'><strong>lo</strong></span> 
     </span>
    </p>
   </div>
   <div class='ocr_carea' id='block_1_16' title="bbox 21 4352 1131 4454">
    <p class='ocr_par' dir='ltr' id='par_1_20' title="bbox 21 4352 1131 4454">
     <span class='ocr_line' id='line_1_47' title="bbox 21 4352 1131 4454; baseline 0.01 -39"><span class='ocrx_word' id='word_1_413' title='bbox 21 4359 180 4440; x_wconf 60' lang='lat' dir='ltr'><strong>menum.</strong></span> <span class='ocrx_word' id='word_1_414' title='bbox 200 4353 240 4421; x_wconf 90' lang='lat' dir='ltr'><strong>ad</strong></span> <span class='ocrx_word' id='word_1_415' title='bbox 272 4375 340 4440; x_wconf 90' lang='lat' dir='ltr'><strong>me,</strong></span> <span class='ocrx_word' id='word_1_416' title='bbox 372 4363 405 4422; x_wconf 86' lang='lat' dir='ltr'><strong>et</strong></span> <span class='ocrx_word' id='word_1_417' title='bbox 435 4352 587 4454; x_wconf 86' lang='lat' dir='ltr'><strong>dicentem</strong></span> <span class='ocrx_word' id='word_1_418' title='bbox 615 4353 754 4426; x_wconf 87' lang='lat' dir='ltr'><strong>hebreico</strong></span> <span class='ocrx_word' id='word_1_419' title='bbox 775 4355 891 4450; x_wconf 71' lang='lat' dir='ltr'><strong>boguta,</strong></span> <span class='ocrx_word' id='word_1_420' title='bbox 925 4355 1015 4440; x_wconf 89' lang='lat' dir='ltr'><strong>Saul,</strong></span> <span class='ocrx_word' id='word_1_421' title='bbox 1037 4353 1131 4438; x_wconf 49' lang='lat' dir='ltr'><strong>‘Saul</strong></span> 
     </span>
    </p>
   </div>
   <div class='ocr_carea' id='block_1_17' title="bbox 0 0 1354 4844">
    <p class='ocr_par' dir='ltr' id='par_1_21' title="bbox 0 0 1354 4844">
     <span class='ocr_line' id='line_1_48' title="bbox 0 0 1354 4844; baseline 0 0"><span class='ocrx_word' id='word_1_422' title='bbox 0 0 1354 4844; x_wconf 95' lang='lat' dir='ltr'><strong> </strong></span> 
     </span>
    </p>
   </div>
  </div>
 </body>
</html>
