2810 4850
167 231 208 292 m
560 221 601 284 ιιι
620 221 762 286 nuans.
782 221 913 286 ronan.
959 181 961 190 ⁴

168 337 269 410 nudius
286 339 379 416 vemt,
402 336 602 402 mridrmernns
621 339 837 422 quibuscunque
856 355 1008 422 possrmrus
1026 337 1220 418 adminiculis,
1243 361 1297 406 nee

103 479 106 486 .
168 427 284 486 meneet
303 441 334 484 se
354 420 424 494 utu,
442 417 493 480 sed
512 419 545 480 iu
560 419 767 488 confessionem
786 426 926 502 erumpat

248 505 297 568 50.
360 499 492 580 sponde
511 501 605 560 Iesum.
645 497 712 561 Non
731 498 913 581 reprehendit
931 495 1135 564 Nummium
1154 503 1237 582 quau
1255 503 1299 565 ni·

168 582 260 646 mium
288 578 417 642 credulus
446 577 540 654 fuerit,
569 579 619 640 sed
642 581 738 661 potius
761 599 815 640 sno
838 578 948 640 adculo
971 579 1095 660 probsns
1120 582 1181 642 eius
1200 581 1300 658 fidem,

169 663 278 724 maiore
295 659 337 718 illi
355 663 385 718 et
403 658 454 718 reti
476 659 519 718 nis
538 658 760 720 consumationis
779 663 944 741 argumenta
973 661 1101 720 remittit.
1126 659 1300 743 Addeqnod

169 743 221 804 nui
238 738 346 801 homini
365 737 440 819 spe‘
470 737 563 799 choo
581 744 652 814 crat,
671 740 766 800 visum
784 759 846 800 esse
865 738 918 800 sub
959 758 997 800 on
1015 736 1159 802 rChrirto
1171 739 1299 816 absente,

168 829 200 884 ct
217 818 318 902 procul
336 823 461 878 remoto:
485 837 563 878 nunc
580 837 650 879 vero
669 817 881 901 probationem,
900 836 975 900 quae
992 816 1091 880 lutura
1110 819 1148 880 sit
1165 820 1299 882 omnihus

169 897 337 964 communis.
362 896 495 958 Christus
519 898 619 972 edem,
640 897 764 979 ideoque
782 917 943 960 sermonem
962 899 1044 981 quasi
1063 918 1103 962 ex
1121 897 1242 984 abrupto
1261 900 1299 961 ah

166 997 227 1041 uno
246 976 363 1040 homine
381 976 419 1038 ad
437 997 536 1038 omnes
555 979 705 1040 mnrertit
835 1011 839 1018 ·

252 1060 302 1122 51.
347 1058 488 1120 Vidisse
515 1059 628 1120 coetum
660 1067 809 1140 opertum,
844 1067 897 1120 eie·
955 1055 1080 1120 linitum
1118 1066 1216 1120 autem
1255 1080 1298 1122 er-

166 1143 233 1202 rane
259 1156 326 1198 meo
354 1137 472 1212 indicio,
501 1139 553 1219 qui
580 1139 665 1200 auxie
752 1137 837 1200 eruut
864 1145 978 1221 tempus
1001 1143 1032 1200 et
1054 1137 1166 1212 loom,
1195 1137 1246 1200 ubi
1270 1129 1335 1205 et'

167 1216 284 1299 mando
303 1213 462 1278 Nethsnael
480 1223 511 1280 et
528 1217 631 1300 reliqui
713 1239 762 1278 nm
781 1223 913 1300 aper-trum
931 1216 1074 1278 viderint'
1101 1215 1203 1278 Potius
1221 1219 1299 1280 enim

210 1295 303 1358 'ddam
333 1298 502 1361 continuum
525 1296 652 1378 designat
676 1297 756 1380 quod
780 1317 840 1358 scm
914 1303 1030 1359 exstare
1048 1295 1170 1359 debebat
1187 1297 1218 1358 in
1236 1301 1298 1360 eius

167 1393 265 1518 rer
281 1373 543 1539 „tripede
563 1377 884 1522 ...ιιι
896 1376 1229 1538 trimum
1248 1379 1299 1520 ·.·

167 1537 351 1612 acumem„
386 1555 454 1597 uum
482 1536 610 1598 aseendit
633 1535 766 1598 Christus
793 1536 825 1598 in
848 1535 976 1611 eoelum,
1004 1553 1093 1616 qnam
1115 1555 1194 1598 nunc
1215 1537 1298 1598 nobis

168 1621 289 1678 constet
328 1557 388 1677 Sei
407 1615 432 1677 si
451 1615 541 1698 probe
558 1623 738 1698 reputemus‚
768 1615 848 1697 qued
866 1623 938 1677 tune
954 1615 1062 1676 suctum
1081 1622 1140 1691 cst,
1158 1622 1299 1699 perpetuo
1384 1667 1387 1678 .

168 1693 1148 1870 tittltmttnttttlltttteffltntt
1165 1697 1301 1836 ciffi

167 1797 340 1936 Stephane?
359 1859 390 1915 et
417 1854 508 1916 tribus
534 1855 678 1937 discipulis
704 1855 735 1914 in
759 1861 872 1932 monte,
901 1875 989 1937 queens
1012 1853 1074 1916 aliis
1097 1851 1241 1950 discipulis
1265 1855 1298 1915 in

168 1930 277 1996 Christi
305 1953 433 1996 ascensu.
483 1931 592 1994 Vemm
616 1934 696 2016 signa
719 1937 815 1996 omnia
839 1934 942 2015 quibus
965 1953 996 1996 se
1014 1931 1095 1994 Deus
1113 1933 1196 1994 nobis
1215 1953 1298 2014 prue-

168 2021 279 2076 scntem
299 2015 431 2090 ostendii,
460 2013 497 2076 ed
521 2015 594 2076 coeli
612 2014 793 2096 apertionem¹
805 2016 957 2097 pertinent,
985 2014 1108 2074 maxime
1126 2013 1176 2073 nbi
1195 2033 1227 2074 se
1245 2034 1299 2075 no-

167 2093 212 2154 bis
236 2095 268 2154 in
290 2095 379 2156 vitam
402 2095 602 2156 communicat.
647 2091 784 2174 Sequitur
808 2095 929 2155 alterum
947 2093 1107 2154 membrum
1126 2092 1163 2153 de
1181 2111 1217 2152 an
1237 2095 1298 2154 eds.

166 2171 207 2233 lli
224 2171 358 2234 dicuntur
376 2176 529 2248 escendere
547 2184 575 2236 et
594 2175 776 2247 domnum,
800 2181 835 2236 ut
853 2174 964 2235 divium
983 2192 1051 2254 erga
1068 2192 1122 2234 nos
1140 2171 1197 2233 ben
1223 2193 1299 2234 roen-

166 2253 225 2314 tiae
244 2253 302 2314 sint
319 2253 447 2314 ministri.
496 2253 574 2335 Ergo
598 2253 654 2314 hae
678 2253 846 2333 loquutione
870 2259 969 2316 mutarn
988 2253 1062 2316 inter
1080 2251 1179 2314 Deum
1197 2260 1227 2312 et
1244 2252 1298 2314 ho·

166 2333 258 2395 mines
277 2333 496 2394 courmunioetio
515 2339 644 2394 notetur.
688 2329 753 2393 Hoc
776 2339 874 2393 autem
892 2330 1063 2394 heneficium
1082 2331 1198 2394 Christo
1217 2351 1297 2394 aece-

186 2419 251 2473 tum
270 2412 344 2472 serre
364 2413 513 2488 convenit,
538 2415 606 2493 quin
624 2413 685 2474 sinc
704 2414 767 2493 ipso
786 2411 888 2473 hostile
907 2413 1003 2493 potius
1022 2413 1131 2494 augelis
1149 2411 1299 2474 nobismrn

165 2432 314 2551 hiandum
333 2497 385 2572 est,
405 2509 491 2572 quarn
510 2491 656 2552 familiaris
675 2491 791 2553 iuvandi
809 2491 899 2554 nostri
918 2510 996 2552 cura.
1020 2490 1089 2553 Ideo
1104 2511 1191 2573 super
1203 2493 1300 2575 ipsum

166 2569 320 2630 escendere
339 2576 369 2630 et
387 2570 556 2632 descendere
576 2571 722 2644 dicuntum
745 2591 804 2632 uon
825 2570 904 2652 quod
922 2571 964 2631 illi
982 2571 1036 2634 soli
1055 2572 1228 2648 ministrent,
1247 2573 1299 2632 sed

167 2649 248 2730 quod
267 2650 327 2710 eius
346 2657 491 2732 respectu,
515 2657 604 2731 utque
622 2652 653 2712 in
671 2652 733 2713 eius
752 2649 892 2712 honorem
911 2651 1137 2732 complectentur
1156 2671 1209 2712 sua
1228 2670 1299 2712 cura

166 2731 262 2791 totum
279 2727 424 2792 Ecclesiae
447 2749 560 2812 corpus.
611 2729 673 2792 Nee
698 2730 796 2792 dubito
822 2730 893 2812 quin
916 2730 954 2793 ad
972 2731 1078 2792 scalam
1097 2729 1204 2792 alludat
1223 2749 1300 2810 qaae

166 2815 324 2870 monstrata
352 2808 407 2869 luit
436 2807 611 2891 patriarchae
634 2809 719 2872 Iacob
749 2830 802 2897 per
830 2812 972 2872 somnium
1001 2810 1300 2890 (Genes.28‚12.):

166 2907 235 2949 rere
254 2890 330 2948 enirn
349 2890 379 2948 in
399 2888 514 2950 Christo
534 2897 693 2972 praestatur
712 2891 792 2971 quod
811 2891 883 2952 visio
903 2891 951 2950 itta
969 2890 1163 2951 adumbrabat.
1207 2888 1300 2950 Deni-

166 2985 224 3048 que
243 2966 327 3028 huius
346 2968 403 3028 loci
428 2988 540 3030 summa
558 2976 617 3045 est,
646 2989 738 3050 quum
755 2976 831 3030 esset
849 2975 942 3030 totum
1018 2989 1051 3032 ns
1070 2969 1227 3030 humanum
1245 2988 1299 3030 cx-

165 3051 296 3108 uncum
315 3067 333 3108 a
352 3067 442 3128 regno
456 3047 521 3124 Dei,
540 3069 618 3108 nnnc
637 3049 783 3108 coelorum
802 3050 917 3110 ianuam
935 3069 973 3111 no
992 3052 1017 3110 is
1035 3069 1096 3110 esse
1116 3047 1299 3187 patefactam,

164 3132 200 3188 ut
218 3127 306 3188 umus
325 3127 402 3188 cives
421 3135 597 3203 sardorum,
622 3134 653 3188 et
671 3127 838 3208 angelorum
858 3128 940 3190 socii:
969 3135 1055 3212 atque
1073 3133 1106 3188 ut
1144 3129 1155 3187 i
1174 3127 1298 3188 ordinati

165 3205 408 3347 {eleemosinae
436 3207 570 3347 periodes
599 3226 637 3269 ex
661 3205 743 3269 beata
769 3209 865 3290 quiete
888 3207 926 3270 od
950 3227 1035 3292 opem
1052 3208 1172 3270 miseriis
1190 3207 1299 3268 uostris

178 3303 247 3348 eren
352 3303 435 3348 escen
455 3292 511 3348 ant.
1102 3345 1104 3354 ,

513 3597 938 3729 cacurri

258 3843 289 3908 1.
323 3843 431 3912 Tertio
454 3845 504 3912 die
526 3843 653 3936 nuptiae
676 3842 774 3910 laetae
801 3852 876 3908 sunt
902 3839 935 3909 in
957 3841 1044 3910 Cena
1066 3840 1235 3908 Galileeser
1263 3853 1301 3909 et

147 3958 231 4026 ,eret
253 3957 353 4015 mater
373 3947 445 4016 lesu
466 3949 548 4017 illue.
593 3951 624 4016 2.
659 3947 797 4016 Vocatus
824 3957 873 4016 est
899 3959 1005 4016 nutem
1033 3949 1127 4016 etiem
1149 3945 1237 4014 lesus
1264 3957 1301 4015 et

164 4053 310 4148 discipuli
332 4051 399 4123 οἰιιε
421 4055 461 4122 ad
482 4055 617 4147 nuptias.
662 4055 694 4122 3.
729 4051 772 4122 Et
793 4077 893 4145 quum
915 4054 1026 4122 ιιὶιιιιιιι
1048 4051 1227 4136 defecisset,
1254 4051 1300 4122 di-

162 4160 208 4230 cit
233 4169 335 4229 meter
363 4157 435 4228 lesu
459 4159 520 4245 itti,
547 4159 666 4230 Vinum
690 4184 757 4228 non
783 4159 908 4228 hebent.
952 4157 985 4228 4.
1017 4157 1104 4226 Dicit
1129 4157 1173 4225 illi
1195 4158 1299 4243 lesus,

163 4265 249 4352 Quid
271 4265 325 4334 tibi
348 4289 476 4336 mecum
497 4265 630 4336 mulier?
651 4268 795 4336 nondum
816 4265 904 4336 veuit
924 4265 1003 4334 hora
1024 4288 1105 4333 mea.
1150 4265 1181 4331 5.
1209 4263 1300 4331 Dicit

164 4373 346 4442 mater⁴eius
362 4371 522 4458 aunhtris,
538 4373 758 4468 Quodcunque
776 4371 868 4441 vohis
884 4371 1007 4458 dixerit,
1024 4369 1124 4440 facite.
1147 4369 1177 4438 6.
1196 4367 1299 4437 Erunt
