2838 4848
158 223 217 288 nr
541 178 894 294 murmurosus..

161 356 236 424 ergo
259 331 319 410 illis
335 330 435 418 lesus
452 327 595 430 'tempus
615 349 724 402 rnernn
745 327 888 396 noodmu
909 323 1007 410 adest
1027 332 1156 420 tempus
1177 335 1285 402 anum
1408 321 1409 390 l

162 447 303 507 restrum
323 459 449 528 semper
469 445 519 504 est
539 444 690 528 peretum,
735 432 766 512 7,
796 430 871 499 Non
892 423 998 526 potest
1017 433 1288 534 mundus'odisse

163 567 237 614 vos:
259 551 439 612 meantem
462 539 543 628 odit,
565 537 638 636 qrrie
660 561 719 632 ego
740 537 889 610 tesbficor
911 537 951 609 de
972 536 1057 631 ipso,
1075 539 1166 630 quod
1189 541 1289 634 'opera
1409 593 1410 626 p

163 650 232 718 cius
253 645 332 718 melu
354 646 425 718 sint
468 649 500 720 8.
529 645 594 718 Vos
616 643 772 718 ascendite
793 643 834 714 ad
855 641 941 712 diem
962 641 1048 712 hune
1067 645 1199 718 lestumr
1224 669 1289 738 ego

164 751 306 821 nondum
327 751 463 824 escendo
484 751 524 822 ed
545 751 629 830 diem
649 749 736 828 bunc
761 748 893 850 festum,
924 749 999 850 quia
1024 758 1151 848 tempus
1170 775 1297 852 ,meum
1409 749 1410 754 ’

164 856 307 930 nondum
328 857 494 952 impletum
515 867 573 931 est.
1220 911 1224 922 .

244 979 273 1040 1.
312 981 354 1041 Er
376 979 542 1041 embrrhbut
564 981 658 1042 lesora.
696 973 763 1038 Non
787 973 898 1039 videtur
920 971 1103 1060 drengotus
1126 959 1225 1043 mulin

165 1054 312 1118 historiam
330 1063 436 1130 texere,
464 1059 513 1118 sed
531 1058 634 1139 eligere
651 1077 690 1118 ex
709 1057 825 1117 dirersis
843 1058 1018 1139 temporibus
1036 1077 1112 1138 quae
1131 1064 1292 1119 memoratu

166 1135 252 1215 digna
271 1143 359 1196 amnt
407 1135 485 1198 Dicit
510 1137 557 1198 bio
580 1143 724 1198 versatum
741 1155 805 1198 esee
822 1137 860 1196 ad
878 1143 991 1218 tenpus
1009 1138 1040 1198 iu
1058 1135 1195 1216 Galilaea,
1224 1137 1292 1217 quia

166 1215 243 1294 apud
255 1213 375 1278 ludaeos
393 1235 534 1296 nusquam
553 1223 615 1278 tnta
633 1223 695 1278 erat
712 1216 806 1277 statio.
831 1215 864 1286 Si
882 1215 1112 1297 perabsurdum
1126 1235 1188 1278 esse
1201 1216 1291 1296 droit,
1326 1248 1330 1256 2

167 1294 246 1372 quod
264 1294 386 1356 latebras
406 1295 556 1376 quaesierit
574 1295 718 1372 Christus,
746 1295 795 1375 qui
820 1301 893 1357 nutu
916 1315 969 1356 suo
993 1295 1122 1377 frangero
1145 1302 1175 1356 et
1193 1295 1290 1358 irritos

167 1372 285 1434 residem
303 1380 416 1454 poterat
435 1395 533 1436 omues
551 1375 676 1436 bostium
693 1381 824 1436 eonatrrsr
852 1381 985 1474 prompta
1003 1382 1048 1436 est
1065 1375 1169 1436 solutio
1185 1431 1190 1442 ,
1208 1371 1290 1454 quod

168 1451 274 1514 euhoe
291 1455 440 1533 impositae
459 1454 512 1516 sibi
530 1453 641 1516 aPntre
655 1473 792 1534 personae
806 1471 917 1515 memor
935 1461 1009 1516 rutra
1027 1454 1148 1515 hominis
1166 1417 1239 1516 lines
1258 1471 1291 1515 so

169 1532 314 1594 eontinere
332 1533 462 1594 voluerit
506 1534 632 1614 Accepta
650 1535 727 1597 enim
746 1534 821 1595 servi
838 1533 931 1594 forma
950 1553 982 1596 se
1000 1535 1170 1611 exinanivit,
1197 1533 1291 1595 donee

168 1607 255 1672 Peter
273 1629 340 1672 eum
358 1613 519 1674 extollerete
538 1613 663 1676 humano
682 1615 778 1693 itaque
796 1633 876 1674 more
894 1612 968 1696 iugit
985 1615 1152 1696 perieulum.
1177 1611 1291 1693 Siquis

170 1689 292 1766 obiieiat,
311 1711 402 1772 quum
419 1695 649 1774 tempnsmortis
668 1711 736 1754 enee
754 1692 914 1775 praefixum
931 1699 1049 1770 teneret,
1067 1715 1128 1754 non
1146 1693 1234 1754 luisse
1246 1691 1290 1752 ln·

169 1769 264 1849 giendl
282 1789 406 1849 eausam,
424 1773 502 1854 prior
519 1773 579 1832 illle
597 1772 700 1834 solutio
719 1772 778 1833 bue
796 1792 854 1854 quo
895 1793 912 1834 e
930 1781 996 1855 apte
1015 1775 1146 1856 quadrata
1165 1792 1196 1833 se
1214 1772 1290 1832 enim

169 1855 204 1908 ut
221 1847 366 1913 hominem
384 1851 499 1934 gerebat
516 1852 646 1934 perieulis
665 1852 831 1913 obnoxium.
855 1793 959 1930 guare
977 1855 1006 1916 in
1024 1853 1117 1914 medie
1130 1849 1290 1912 discrimine

169 1932 276 1990 temere
294 1931 451 2014 irrumpere
468 1953 528 1995 non
546 1931 651 1996 debuit.
682 1931 761 2014 Quid
779 1932 815 1994 de
832 1933 915 1994 nobis
929 1933 1006 2014 apud
1019 1953 1049 1995 se
1061 1930 1290 2004 statueritDeus,

170 2026 230 2070 nou
259 2016 304 2070 est
331 2020 460 2074 noenum
483 2013 626 2074 attendere
649 2011 681 2073 in
704 2011 856 2074 subeundis
880 2013 1023 2094 perieulis:
1052 2013 1103 2074 sed
1121 2007 1293 2093 quidnobis

170 2088 287 2149 mundet
305 2109 339 2152 ee
357 2091 537 2174 praescribat,
556 2092 625 2173 quid
643 2091 763 2154 lerat'et
776 2092 900 2176 postulet
907 2099 1037 2154 nostrum
1046 2091 1182 2164 officium,
1201 2089 1294 2171 quoda

170 2165 358 2230 instituendae
375 2173 452 2233 ritae
469 2172 594 2255 legitima
613 2173 650 2232 sit
666 2173 749 2233 ratio.
790 2171 941 2234 Caeterum
958 2173 998 2232 ita
1016 2172 1142 2251 periente
1161 2169 1294 2231 Christus

171 2245 332 2324 declinarit,
350 2255 384 2312 ut
401 2257 498 2313 tamen
516 2251 552 2314 eb
571 2250 660 2314 officii
677 2271 763 2311 eursu
782 2271 819 2312 ne
837 2251 927 2312 letum
945 2251 1058 2333 quidem
1072 2269 1197 2330 unguen
1206 2249 1293 2309 delle-

171 2331 269 2388 oterot
300 2327 449 2406 Quorsum
467 2333 542 2393 enim
560 2332 637 2392 ritae
654 2329 835 2393 incolumitas
852 2331 907 2392 nisi
925 2337 959 2391 ut
976 2331 1132 2392 ιπνίιιιιιιιε
1143 2327 1293 2390 Domino‘t

167 2403 341 2475 ‘Cavendum
359 2409 456 2490 itaque
474 2429 587 2490 semper
604 2430 642 2472 ne
660 2417 778 2493 propter
795 2411 884 2472 vitam
896 2409 1012 2472 vivendi
1025 2428 1123 2471 causas
1131 2408 1293 2493 pemomm.

173 2480 263 2561 Quod
280 2491 376 2546 autem
394 2495 508 2548 eontem
528 2497 574 2550 tus
589 2489 731 2552 Galilaeae
744 2491 864 2572 angulus
876 2489 1032 2572 hospitium
1040 2488 1155 2552 Christo
1168 2485 1296 2570 praebet,

172 2579 261 2641 quesn
289 2563 363 2624 ferre
385 2567 485 2647 nequit
502 2511 622 2646 liudem,
648 2569 715 2630 bine
738 2570 923 2652 perspicimus
1004 2589 1035 2630 m
1056 2589 1116 2630 non
1134 2585 1247 2652 suuper
1263 2566 1297 2632 in

172 2641 332 2726 praecipuis
350 2642 491 2722 Ecclesiae
509 2645 623 2709 sedibus
641 2650 731 2730 pietas
750 2651 872 2710 emineat
890 2669 924 2710 ao
972 2651 1112 2712 eitimor.
1157 2685 1160 2692 ⁴

253 2724 283 2783 2.
321 2725 457 2786 imatos
476 2737 574 2788 auterre
593 2729 654 2790 dies
689 2738 775 2790 edua.
813 2727 937 2790 Tametsi
960 2729 1031 2790 nibil
1049 2727 1175 2804 affirmo,
1195 2725 1295 2810 pamba-

173 2796 230 2862 bile
254 2805 351 2864 tamen
372 2809 416 2864 est
437 2805 563 2869 seeundo
584 2814 651 2888 post
667 2731 841 2889 baptismum
861 2807 968 2870 Christi
985 2827 1060 2870 anno
1079 2808 1137 2871 hoo
1154 2807 1296 2868 recidisse.

174 2875 222 2938 De
240 2875 298 2940 boe
316 2881 389 2943 festo
408 2883 453 2946 die
472 2886 552 2946 onius
570 2887 700 2948 meminit
716 2885 896 2968 Evangelisto
918 2888 1001 2968 plura
1019 2907 1098 2950 nune
1116 2887 1209 2948 dieere
1226 2884 1297 2946 nihil

174 2958 287 3020 attinet:
306 2959 337 3022 in
356 2982 443 3042 quern
460 2963 548 3026 linem
566 2973 596 3027 et
613 2985 699 3029 usum
717 2967 867 3029 mandatus
885 2967 981 3045 fuerit,
998 2966 1094 3031 Moses
1109 2967 1194 3028 doeet
1205 2965 1297 3032 lavit·

173 3040 233 3113 aa.
243 3043 283 3116 2.,
301 3059 405 3122 nempe
423 3049 457 3104 ut
474 3063 570 3106 annuo
588 3047 647 3108 ritu
664 3048 695 3109 iu
713 3049 880 3108 memoriam
897 3054 1066 3110 revocarent
1077 3047 1184 3123 ludaei,
1201 3051 1296 3128 patres

173 3135 243 3178 snos
262 3120 344 3180 aunis
363 3122 548 3205 quadraginta
566 3125 619 3187 sub
638 3126 823 3188 tabernaculis
841 3129 947 3188 vixisse
966 3148 1056 3209 quum
1075 3126 1205 3188 domibus
1219 3141 1296 3186 eare-

174 3203 247 3272 rent,
266 3203 300 3259 nt
317 3201 358 3260 ita
376 3201 550 3266 celebrarent
563 3205 737 3282 liberationis
806 3207 884 3272 tiam·
906 3205 1001 3289 Supra
1009 3215 1105 3268 antem
1114 3207 1237 3268 diximus
1246 3203 1299 3264 dn·

175 3275 279 3357 ptioem
292 3277 407 3354 Christo
425 3282 512 3343 luisse
531 3303 655 3361 eausam,
674 3305 727 3346 eur
749 3226 979 3368 blimlymem
996 3288 1108 3348 venerit
1124 3286 1162 3346 ad
1180 3284 1240 3346 dies
1258 3282 1299 3343 le·

175 3361 250 3417 etos:
280 3359 348 3437 quie
370 3360 476 3424 seilicet
493 3361 534 3424 Le
554 3366 565 3424 i
587 3365 742 3442 subiectus,
769 3371 805 3427 ut
826 3366 862 3427 ab
886 3367 948 3428 eius
971 3368 1108 3429 servitute
1125 3381 1178 3424 nos
1198 3382 1298 3424 omnes

176 3435 326 3498 redimeret
367 3457 406 3501 ex
429 3441 489 3503 eins
513 3463 532 3504 o
616 3447 710 3507 atione
728 3445 799 3506 nihil
816 3447 1041 3530 praetermittere
1063 3444 1166 3505 voluit:
1195 3441 1299 3503 deiude

155 3516 245 3610 pqnia
272 3517 303 3578 in
325 3480 473 3584 homiuum
496 3522 654 3605 frequentia
677 3531 707 3586 et
724 3526 947 3588 extramdinario
965 3525 1098 3586 oonlluxn
1117 3521 1219 3582 melior
1235 3523 1300 3582 mat

175 3599 364 3676 promovendi
381 3597 529 3684 Evangelii
547 3605 757 3685 opportunitas:
775 3623 855 3666 nune
871 3612 968 3667 autem
985 3606 1028 3665 sio
1040 3602 1185 3662 Christum
1202 3602 1235 3661 in
1253 3619 1298 3660 ee·

177 3675 420 3818 aaaefflalilaeae
449 3683 588 3761 quievisse
616 3689 711 3747 narrat
733 3681 932 3767 evangelus,
960 3684 1041 3768 qnasi
1067 3679 1301 3764 Hierosolymam

175 3769 232 3812 vm
331 3778 391 3819 uon
408 3768 492 3822 esset.

175 3835 1303 4016 terreremurettamunster

174 3985 298 4082 ‘ibim'
317 3992 440 4059 derisum
459 3996 548 4062 inisse
565 3999 712 4062 Christum
731 4001 828 4080 refert,
848 4001 927 4086 qirod
957 4011 1042 4066 noem*
1057 4008 1089 4064 et
1111 3999 1301 4063 celebritatem

174 4065 287 4145 lugens
306 4071 336 4134 in
355 4074 474 4140 obscum
493 4087 525 4141 et
541 4079 658 4162 ignobfli
675 4089 757 4163 parte
770 4077 891 4146 iudaeae
909 4083 1018 4145 lateret.
1052 4079 1185 4144 Dubitari
1205 4087 1301 4140 mmm

173 4153 270 4284 from
288 4168 327 4210 an
344 4170 395 4214 eos
413 4156 557 4238 impulerit
575 4159 707 4236 mettio,
730 4171 764 4224 nt
783 4161 929 4226 Christum
952 4162 1136 4224 inclareseere
1155 4163 1300 4256 cuperent-

202 4230 214 4286 t
232 4223 288 4289 boo
307 4227 422 4310 tlemus,
441 4242 623 4322 contemptim
642 4247 738 4304 tomen
756 4261 806 4304 eos
824 4242 943 4304 illudere
960 4241 1058 4338 pelam
1077 4247 1135 4316 est,
1155 4257 1223 4320 qum
1242 4257 1303 4297 non

173 4310 275 4400 putent
293 4325 361 4372 enm
381 4313 490 4378 ratione
509 4321 541 4379 st
558 4321 676 4384 oonsilio
784 4343 792 4380 ι
811 4323 870 4384 imo
889 4321 1040 4383 stultitiam
1058 4319 1102 4381 illi
1120 4317 1303 4414 exprobrent,

172 4393 697 4479 ufflrmmmttotqrmtuu·
768 4403 774 4418 ‘
895 4393 1304 4483 nonaudeetproduolubo·
