2754 4864
466 319 467 322 Ἴ
522 217 668 286 ,CAPUT
684 220 740 286 XI.
867 307 874 330 Ι
1022 203 1028 216 ’
1149 233 1210 297 219

77 333 198 418 quidem
220 337 373 396 extumum
398 351 491 414 aquae
509 335 622 416 signum
641 337 804 418 conferunt,
828 337 877 400 ille
899 345 996 404 antem
1018 339 1143 424 Spiritus
1166 348 1214 408 sui

78 419 189 476 virtute
211 415 285 497 signi
309 413 446 476 ellectum
469 416 570 498 implet
593 435 629 478 sc
650 425 783 500 praestat.
826 417 875 480 De
897 419 953 482 bac
976 440 1009 481 ra
1031 443 1129 484 rursus
1148 443 1210 484 mo-

79 496 167 556 uendi
191 493 248 554 boc
270 493 337 554 loco
356 493 471 554 suerunt
496 495 632 573 lectores,
747 497 860 558 loannis
878 497 1055 580 Bapdsmum
1074 521 1092 562 a
1110 509 1211 564 nostro

78 575 169 636 fusse
188 571 343 646 diversum,
363 590 513 654 perperam
532 574 598 636 binc
616 517 856 651 asumpserunt,
881 578 951 638 dum
970 579 1143 642 ChristusS
1164 583 1210 643 irl-

77 661 142 716 tnm
162 653 215 714 eibi
233 652 381 712 vindicans
399 650 498 714 loanni
518 662 631 735 praeter
648 676 754 738 squam
771 658 842 718 nibil
860 658 1003 738 reliquum
1022 660 1097 720 iacit.
1129 603 1210 722 ‘bne

77 742 172 796 lerum
190 734 216 792 si
235 733 300 813 quis
319 733 405 792 etiam
423 732 480 794 boc
497 738 660 832 testimonio
679 737 768 798 fretus
776 735 955 820 Baptismum
973 738 1058 800 faciat
1076 741 1112 800 lri
1132 741 1210 802 'dum

76 812 1211 982 ttlttlmststiltutilissimi&timuistis

78 973 164 1034 solet.
210 969 287 1050 Quia
309 971 386 1031 enirn
408 969 541 1050 §hristus
564 975 594 1033 iu
621 977 679 1034 suis
703 978 849 1056 promissis
872 976 961 1036 fallax
985 996 1044 1038 non
1064 987 1122 1056 est,
1150 977 1210 1040 nou

78 1053 190 1134 patitur
206 1051 289 1110 inane
307 1069 369 1123 esse
388 1051 467 1132 quod
487 1053 615 1114 instituit.
633 1053 694 1120 ‚seu
713 1075 804 1135 quum
813 1054 877 1116 Scri
899 1063 962 1116 tura
981 1056 1135 1139 Baptitmo
1149 1061 1210 1120 m'm
1336 1097 1342 1115 1

79 1131 183 1191 tribuit
200 1129 314 1190 lavandi
332 1135 361 1190 et
378 1132 565 1211 regenerandi
584 1131 652 1209 (rit.
672 1136 701 1207 3,
720 1135 782 1213 5.)‚
806 1077 921 1196 occubit
939 1135 996 1197 boc
1014 1144 1108 1197 totum
1129 1138 1211 1198 Chri·

81 1218 144 1283 sto,
173 1228 209 1270 ac
230 1215 341 1269 tantum
365 1209 451 1269 docet
475 1211 545 1292 quid
563 1212 612 1270 ille
630 1211 741 1294 Spiritu
760 1233 813 1288 suo
832 1233 886 1296 per
904 1234 1020 1275 manum
1038 1216 1162 1277 bominis
1182 1224 1212 1278 et

79 1289 193 1350 visibile
215 1288 380 1368 symbolum
403 1288 517 1351 ellioiat.
562 1289 619 1352 Ubi
636 1294 676 1353 iia
695 1294 876 1374 coniungitur
895 1294 1025 1354 Christus
1045 1315 1111 1356 eum
1129 1298 1212 1356 mini·

79 1376 142 1430 stro
165 1375 196 1430 et
214 1367 343 1450 Spiriibs
356 1367 484 1431 efficacia
504 1371 685 1452 emergas,
708 1371 900 1434 sacramentis
919 1373 1054 1436 tribuitur
1072 1383 1212 1456 quantum

78 1454 230 1589 tutti
253 1447 1212 1594 „timuisitis-2⁰2¹,&siluistis-‘ll

77 1610 183 1669 mentis
206 1608 368 1676 abstractae
385 1606 422 1670 ab
441 1629 500 1671 uuo
520 1609 636 1671 Christo
654 1611 774 1672 salutern
918 1617 949 1674 et
967 1613 997 1676 in
1017 1553 1104 1673 uuarb
1122 1611 1213 1694 Spiri·
1262 1653 1266 1658 -
1352 1603 1356 1610 ’

79 1695 127 1748 lus
146 1690 209 1748 eius
227 1689 368 1758 dotalem
383 1690 525 1828 respicere
544 1689 669 1750 disenms
687 1691 792 1772 quina
827 1698 886 1752 rrat
904 1709 923 1752 a
941 1691 1009 1752 fidei
1027 1711 1116 1773 scopo
1136 1695 1213 1772 quis-
1262 1745 1265 1752 .

79 1769 147 1848 quis
163 1768 212 1830 vel
230 1769 380 1830 minimum
398 1787 437 1829 a,
469 1771 536 1831 iritn
553 1768 592 1830 ad
610 1769 690 1852 signa
708 1769 847 1831 deflectit:
866 1775 896 1830 et
913 1771 1067 1852 sacrilegus
1085 1779 1143 1846 eet,
1162 1773 1214 1853 qni

80 1847 223 1908 tantillum
242 1846 349 1908 delibat
367 1867 406 1909 ex
424 1789 532 1910 obusti
550 1847 634 1912 leude
653 1849 771 1910 ornandi
790 1847 913 1910 hominis
931 1869 1025 1909 causa.
1061 1849 1214 1912 Caeterum

79 1929 218 1989 muueris
236 1947 355 2008 quoqne
373 1929 560 2010 repetendum
578 1929 788 2004 octobristum
808 1928 861 1989 snb
880 1929 996 1988 nomine
1010 1927 1136 2009 Spiritus
1153 1949 1214 1990 uon

80 2008 168 2068 modo
183 2009 347 2089 linguarum
355 2005 465 2069 donum
483 2016 513 2070 et
530 2008 633 2069 ciuilia
651 2008 823 2088 designasse,
841 2008 890 2067 sed
909 2013 1001 2068 totam
1019 2010 1213 2069 renovationis

78 2094 196 2148 nostrae
216 2089 345 2168 gratiam.
383 2087 494 2149 Verum
517 2089 654 2168 quoniam
672 2088 748 2148 dona
766 2089 821 2148 ista
839 2089 948 2168 insigne
967 2094 1048 2147 eraut
1066 2089 1213 2168 potentiae

79 2167 190 2229 Christi
208 2167 421 2241 documentum,
440 2167 497 2228 illis
516 2175 583 2248 apte
592 2167 722 2250 cougrrrit
736 2167 807 2228 baec
816 2166 963 2228 sententia.
982 2164 1086 2226 Dicam
1096 2167 1214 2226 elariusr

78 2267 172 2328 quum
190 2245 338 2329 Apostolis
357 2247 481 2309 visibiles
495 2245 622 2328 Spiritus
641 2249 744 2328 gratias
754 2245 885 2307 Christus
904 2245 1056 2320 conlerret,
1074 2245 1215 2327 Spiritum

77 2328 109 2388 iu
129 2346 218 2386 manu
239 2343 291 2386 sua
310 2345 372 2388 esse
392 2327 488 2408 palam
505 2327 583 2388 iecit.
627 2325 672 2388 lta
689 2326 747 2388 boo
763 2326 852 2387 modo
870 2331 991 2388 testatus
1011 2333 1069 2400 est,
1088 2345 1120 2386 se
1138 2325 1216 2408 purl-

50 2469 60 2476 ,
79 2407 164 2482 tatis,
195 2407 319 2466 iustitiae
342 2413 372 2466 et
389 2409 480 2468 totius
504 2406 724 2486 regenerationis
746 2407 863 2466 unicum
886 2423 949 2466 esse
968 2412 1124 2466 saniorem.
1162 2403 1217 2465 Pe-

78 2493 146 2546 trus
165 2491 261 2546 snum
278 2488 319 2548 sic
336 2485 374 2546 nd
393 2505 478 2546 snum
497 2485 660 2547 institutum
678 2486 854 2560 accomodat,
873 2483 962 2566 quod,
977 2487 1072 2566 quum
1089 2487 1216 2566 praeiret

80 2563 216 2626 Christus
232 2563 369 2647 Baptismi
386 2567 447 2626 vim
465 2585 563 2627 secum
582 2566 686 2640 tereus,
703 2566 786 2648 sequi
804 2565 865 2648 ipsa
883 2583 951 2626 cum
969 2565 1140 2641 accessione,
1160 2565 1217 2626 hoc

80 2650 129 2708 est
146 2651 265 2705 externo
282 2664 374 2726 aquae
392 2644 535 2725 symbolo,
554 2644 692 2706 debuerit.

164 2725 214 2788 17.
255 2727 327 2822 ligo
353 2733 419 2809 quta
441 2747 532 2788 erem
571 2723 656 2786 Nunc
673 2725 804 2786 videmus
824 2743 964 2806 quorsum
982 2723 1060 2786 illam
1079 2724 1217 2786 namatio·

84 2821 156 2867 uem
179 2810 305 2866 tenuent
322 2803 441 2880 Petrus,
469 2824 572 2885 nempe
596 2812 630 2866 ut
647 2811 785 2866 testatum
802 2803 924 2880 faceret,
953 2803 1050 2866 Deum
1068 2806 1156 2866 totius
1174 2805 1218 2866 rei

80 2891 231 2956 auctorem
262 2903 299 2945 ac
327 2884 485 2965 praesidem
518 2885 615 2946 luisse.
664 2883 743 2966 Ergo
778 2891 869 2948 statam
898 2885 1072 2966 quaestionis
1100 2885 1130 2945 iu
1159 2883 1218 2946 Dei
1329 2949 1331 2956 Α

81 2965 254 3026 auctoritate
281 2965 418 3038 vertitur,
446 2983 543 3025 annon
578 2966 787 3046 praeponderet
815 2964 895 3025 cibus
923 2963 1055 3024 humanis
1083 2966 1218 3025 consiliis.

81 3041 163 3105 Nihil
186 3062 204 3104 a
228 3063 261 3104 se
282 3044 338 3105 uisi
355 3045 411 3104 rite
430 3049 461 3104 et
479 3043 578 3104 ordine
596 3043 704 3104 lactum
722 3042 826 3104 Petrus
845 3043 1006 3116 contendit,
1035 3043 1103 3124 quia
1122 3043 1219 3126 punis

83 3121 167 3184 Deo:
190 3122 271 3184 Evau
291 3122 340 3183 elii
362 3123 521 3183 doctrinam
535 3136 604 3182 'nou
625 3122 704 3182 male
727 3141 759 3182 se
777 3140 832 3182 uec
848 3128 956 3182 temere
974 3121 1084 3182 locasse
1102 3122 1219 3181 demum

84 3209 173 3298 strpt,
200 3203 250 3263 ubi
270 3143 402 3300 flbristps
420 3201 549 3285 Spiritus
569 3202 613 3298 qui
633 3202 736 3284 gratius
756 3201 896 3282 deposuit
930 3197 977 3259 Ad
996 3198 1071 3258 hauc
1089 3217 1219 3276 normam

83 3280 1221 3443 ittdtttttfflttt,ltilffitttltfitltn&illisit

83 3440 146 3504 Dei
163 3441 298 3503 mandato
317 3442 427 3518 nititur,
445 3440 494 3501 ille
512 3440 581 3500 satis
600 3457 745 3521 superque
763 3437 932 3498 detensionis
951 3435 1045 3497 babet.
1074 3435 1109 3497 st
1128 3435 1220 3498 bomi-

81 3523 254 3584 uibnesnon
275 3521 424 3598 satisfacit,
448 3541 507 3582 nou
531 3525 577 3580 est
598 3518 677 3601 quod
700 3535 834 3600 perversa
852 3533 953 3576 eorum
971 3515 1075 3577 iudicia
1094 3515 1217 3600 amplius

82 3608 225 3664 moretur.
268 3601 366 3684 Atque
389 3599 457 3662 bino
474 3600 648 3681 colligimus,
673 3599 714 3660 ita
738 3615 824 3680 posse
847 3595 947 3656 fideles
965 3593 1045 3655 verbi
1065 3594 1121 3663 Dei
1139 3595 1221 3658 mini·

86 3689 164 3741 atros
183 3682 322 3744 rationem
340 3681 485 3742 docbiuae
503 3699 573 3741 suae
591 3675 724 3741 reddere.
743 3683 777 3738 ut
795 3675 866 3737 nibil
885 3677 947 3736 eius
965 3674 1033 3736 fidei
1052 3695 1088 3738 ac
1106 3678 1221 3737 certitu-

87 3759 149 3820 dini
172 3759 322 3842 derogent,
350 3781 454 3842 nempe
476 3760 502 3821 si
524 3759 659 3821 traditam
678 3757 731 3818 sibi
750 3753 1066 3839 divinitusosteudnnt
1107 3754 1222 3834 Quodsi

86 3857 157 3900 eum
179 3837 342 3901 bominibus
365 3841 471 3922 iniquis
494 3841 642 3921 negotium
665 3839 734 3915 erit,
764 3855 839 3918 quos
856 3834 914 3898 Dei
937 3835 1097 3897 reverentia
1120 3835 1156 3895 ad
1177 3855 1222 3896 oe·

85 3918 215 3980 dendum
238 3938 297 3980 nou
317 3927 415 4002 cogat,
443 3918 541 3981 valere
562 3938 631 3980 cum
650 3935 703 3980 sua
721 3918 876 4000 pertinacia
894 3935 946 3978 eos
969 3917 1095 3978 sinamus
1117 3933 1223 3997 provo·
1343 3971 1369 4004 ·.

86 3995 182 4059 cauda
206 3999 244 4059 ad
268 3999 346 4060 diem
368 3999 498 4062 Domini.
540 3996 636 4058 Simul
659 3997 818 4059 notandum
836 4003 894 4070 est,
918 4015 978 4058 non
996 3994 1225 4084 tantumpulam

84 4077 271 4154 reluctando,
299 4078 351 4139 sed
374 4081 461 4139 etiam
484 4077 621 4140 osmundo
646 4097 700 4138 uos
719 4076 786 4137 Deo
803 4075 949 4152 recimere,
972 4075 998 4136 si
1015 4091 1074 4135 non
1093 4076 1225 4157 exsequi·

83 4177 155 4219 nrm·
183 4157 264 4240 qnod
290 4157 450 4220 vocationis
464 4163 591 4222 ⁸nostrae
612 4158 761 4239 proprium
783 4161 837 4218 est.
879 4151 936 4216 llic
965 4156 1041 4217 enim
1064 4151 1169 4215 Petrus
1191 4172 1225 4216 se

82 4236 269 4320 Baptismnur
287 4236 417 4319 gentibus
436 4242 467 4299 et
482 4239 637 4300 internam
655 4237 818 4298 societatem
836 4253 897 4296 uon
915 4236 1041 4318 potuisse
1059 4253 1163 4316 negare
1181 4233 1224 4294 di·

85 4317 146 4392 cit,
170 4317 243 4400 qniu
261 4314 320 4379 Dei
339 4317 518 4380 adversarius
537 4321 621 4380 esset.
659 4316 751 4396 Atqui
768 4313 954 4458 υἱἪαΙαω
971 4313 1029 4378 Dei
1048 4315 1155 4396 gratiae
1173 4312 1229 4372 ad·v
1249 4379 1258 4399 Ι

85 4403 451 4462 vmomconnbrseseot
490 4392 815 4485 Verumidqnidsmr,
926 4394 1226 4476 'muncipitqnnn
