2810 4850
166 203 215 264 ιι
273 205 277 218 ·
566 193 605 252 ιι
624 192 764 254 nunu-tc.
783 190 914 254 torm.
1041 145 1050 197 '·

181 336 275 406 qnam
299 334 357 402 rgo
381 307 461 375 dubo
483 291 542 389 illi,
563 329 629 372 non
650 305 733 374 sitiet
752 306 784 372 in
807 316 980 374 aeteruum:
1003 305 1058 374 sed
1079 329 1161 398 aqua
1169 359 1184 421 ,¹
1202 331 1297 400 quam

182 419 262 485 dabo
295 418 339 500 ei,
369 415 424 482 fiet
453 412 488 479 in
514 435 553 480 co
582 411 653 479 fons
679 434 779 503 aquae
801 410 936 479 salientis
952 410 990 478 in
1010 411 1107 480 vitum
1128 425 1298 490 aetcmem.

58 565 61 576 ·
184 525 235 592 15.
261 521 346 590 Dicit
365 519 394 587 ei
415 518 539 598 mulier,
571 517 724 600 Domine,
755 517 793 584 da
814 516 892 583 mihi
913 539 1026 608 aquam
1046 517 1140 604 hanc,
1172 532 1301 590 utnon

182 621 298 712 sitium,
312 615 415 717 neque
436 607 562 694 veniam
581 623 644 714 huc
665 624 705 691 ad
725 621 939 692 hauriendum.

237 737 239 744 ’
260 740 307 799 10.
327 725 490 816 Respondit
509 737 601 796 leeris.
641 731 724 805 Nunc
743 739 856 813 sumpta
875 734 1032 808 occasione,
1050 734 1147 818 insipit
1166 734 1300 798 Christus

182 819 218 880 de
227 815 350 896 Spiritus
369 816 413 874 sui
431 815 520 893 gratia
539 822 569 874 et
587 815 692 874 virtute
711 813 880 888 concionari,
898 813 984 907 idque
1001 813 1080 894 apud
1093 815 1301 894 mulierculam,

182 915 255 978 quac
281 895 393 974 indigua
416 911 531 974 prorsus
557 900 617 963 crat
636 913 703 953 cum
722 911 778 974 qua
799 891 1049 988 verbumvtaceret.
1099 893 1205 990 Mirum
1223 903 1303 957 certe

181 975 315 1037 bonitatis
333 973 392 1033 eius
411 975 581 1054 exemplum.
622 971 700 1051 Quid
718 973 794 1032 enim
813 971 868 1031 furt
885 993 915 1032 ur
933 991 1036 1032 misera
1054 972 1110 1034 hac
1128 973 1248 1050 femma,
1267 981 1303 1034 ut

182 1077 220 1117 ex
243 1053 337 1114 scorto
356 1041 420 1111 Filii
439 1051 495 1111 Dci
520 1053 638 1148 repente
657 1051 793 1148 discipula
811 1051 911 1130 ficret?
954 1050 1128 1132 Quanquam
1157 1054 1189 1113 in
1217 1053 1301 1114 nobis
1398 1083 1399 1098 ι

182 1151 298 1215 quoque
318 1131 447 1192 omnibus
466 1131 541 1205 idem
560 1127 765 1194 nusericordrae
785 1132 930 1226 specimen·
943 1131 1081 1192 exhibuit.
1106 1129 1181 1228 ‘Non
1200 1152 1303 1230 omnes

182 1213 297 1294 quidem
315 1211 448 1272 mulieres
466 1219 534 1272 sunt
552 1205 657 1272 scoria:
682 1229 859 1308 nounomucs
878 1211 1302 1354 mnditiagitqqearqtquomqptqtp:

107 1365 114 1382 “
182 1291 806 1450 sebblblsutindobturirianbitblbblptidriiffibbbilc
825 1311 859 1428 bi
881 1309 1074 1430 npgmunquffl
1103 1333 1164 1430 Nic
1181 1370 1305 1466 sortuit'o

150 1489 151 1492 =
182 1451 284 1512 accidit
312 1469 378 1510 cum
406 1450 457 1509 tali
481 1469 603 1531 persona
626 1449 808 1530 colloquium.
874 1467 921 1508 am
984 1449 1025 1508 asi
1049 1448 1102 1510 snb
1127 1455 1200 1530 typo
1218 1449 1302 1510 nubre

80 1578 83 1584 .
183 1527 306 1590 ostendit
314 1527 464 1604 Dominus,
483 1549 514 1588 se
532 1547 712 1625 nequaqnam
731 1547 767 1586 ex
786 1527 922 1609 dignitate
968 1529 1051 1610 igere,
1070 1527 1237 1609 quibuscum
1257 1549 1302 1590 sa·

183 1609 251 1670 lutis
271 1609 428 1668 doctrinam
448 1615 647 1670 communicet.
667 1608 764 1688 Atque
781 1605 838 1668 huc
856 1606 971 1687 quidem
990 1609 1081 1690 prima
1100 1609 1193 1690 specie
1213 1606 1301 1668 admi·

162 1688 271 1750 mahte
290 1687 439 1748 consitium
458 1694 510 1760 cst,
570 1688 607 1746 od
625 1694 670 1746 tot
688 1688 905 1767 praetermiserit
923 1687 953 1746 in
966 1687 1067 1748 iudaea
1081 1707 1200 1768 magnos
1213 1689 1302 1762 viros,

183 1770 292 1829 interea
321 1786 387 1827 cum
410 1765 464 1826 hac
487 1787 537 1826 mu
550 1768 605 1826 'ere
629 1767 800 1826 familiariter
818 1766 970 1826 contulerit
987 1787 1153 1829 semonenu
1193 1765 1303 1828 Verum

183 1847 266 1908 nobis
286 1845 337 1906 sub
357 1847 416 1918 cius
435 1865 556 1926 persona
575 1846 695 1927 exprimi
714 1848 849 1926 oportuit,
869 1863 956 1926 quam
973 1865 1072 1908 verum
1091 1849 1128 1943 sit
1145 1845 1216 1907 illud
1229 1845 1302 1906 Pro·

185 1925 303 2007 phetae,
331 1923 467 1986 Iuventus
480 1944 555 1988 sum
578 1945 596 1986 a
619 1943 679 1985 non
697 1923 895 2006 quaerentibus
914 1945 974 1987 mc:
1002 1927 1035 1986 iis
1054 1947 1103 2006 qur
1122 1926 1158 1987 de
1175 1946 1223 1986 me
1239 1945 1303 1987 non

186 2005 338 2086 rogabant,
387 2005 461 2064 alam
485 2007 610 2086 apparui.
661 2001 731 2086 Dixi
755 2025 814 2064 non
837 2005 1012 2086 petentibus,
1039 2001 1114 2066 Ecce
1132 2025 1186 2086 ego
1205 2025 1304 2067 assum

185 2083 252 2162 (iss.
273 2085 321 2158 65,
340 2025 390 2162 bi.
429 2089 571 2146 Siccine
589 2086 771 2156 meandri.
800 2082 861 2172 Ego
881 2085 950 2182 baec
968 2085 1030 2182 duo
1044 2083 1237 2184 ιιιιιιὶιιιιιβὶ
1252 2085 1303 2145 do-

160 2161 1068 2325 .titiensiunutticttttssttdtitdt
1080 2166 1306 2326 iffliiit

187 2328 249 2382 erat
267 2319 448 2396 beneficium,
496 2329 653 2382 ruescntem
672 2321 816 2384 Christum
834 2323 967 2400 habere,¹
982 2325 1033 2404 qui
1050 2325 1138 2384 vitem
1157 2329 1303 2386 aeternam

188 2418 286 2458 secum
304 2398 420 2458 ferebat.
458 2341 565 2460 speruus
584 2401 685 2460 clarior
703 2403 765 2476 erit,
789 2405 813 2462 si
831 2405 894 2464 vice
912 2405 1031 2486 copulae
1048 2405 1215 2485 particulam
1235 2425 1304 2468 exe-

138 2599 145 2616 ,
188 2571 255 2614 eum
271 2555 407 2634 loquitur.
436 2555 587 2617 Caeterum
605 2557 649 2618 bis
667 2559 761 2619 verbis
779 2560 923 2638 docemur,
941 2570 1009 2624 tunc
1026 2583 1081 2626 nos
1100 2567 1215 2626 demum
1234 2570 1306 2628 seire

189 2634 320 2714 quicum
339 2634 375 2692 sit
394 2631 523 2695 Christus
543 2657 632 2718 quum
649 2645 777 2700 tenemus
797 2643 963 2721 quidnobis
981 2646 1012 2704 in
1030 2664 1066 2705 eo
1087 2647 1196 2706 dederit
1208 2645 1305 2725 Pater}

68 2781 69 2784 Ἴ
190 2719 221 2770 et
239 2711 308 2790 quid
325 2710 465 2772 bonorum
483 2715 542 2794 ipse
560 2717 641 2777 uobis
661 2719 769 2780 offerat.
816 2719 858 2782 Ea
880 2731 976 2784 autem
994 2725 1118 2806 cognitio
1137 2725 1173 2786 ab
1192 2727 1305 2808 inopiae

190 2797 304 2850 nostrae
318 2809 408 2850 sensu
425 2792 531 2878 incipit
556 2793 629 2856 Nam
647 2804 680 2856 ut
698 2799 734 2860 ad
752 2801 906 2862 remedium
925 2805 987 2883 quis
1006 2805 1119 2886 aspiret,
1137 2823 1204 2868 eum
1223 2808 1304 2888 prius

190 2887 304 2929 necesse
323 2876 368 2932 cst
386 2871 465 2930 malis
479 2873 629 2951 suisaffici.
653 2875 1077 2960 ItaqueDominusnouebrios,
1096 2888 1146 2946 sed
1161 2887 1306 2947 sitientes:
1370 2907 1374 2916 ’

190 2965 250 3006 ιιοιι
269 2954 388 3023 saturos,
407 2950 456 3010 sed
468 2950 609 3015 famelicos
623 2956 734 3033 invitat,
752 2959 1091 3024 nicomedairtetbrbent
1114 2963 1305 3046 thuorsum
1398 3023 1399 3038 ,

191 3025 228 3085 ad
246 3045 299 3086 nos
318 3029 475 3088 mitteretur
494 3029 621 3096 Christos
640 3056 706 3098 cum
724 3036 846 3118 Spiritus
865 3041 1049 3136 plenitudine,
1071 3044 1126 3110 uisi
1144 3063 1198 3105 nos
1216 3048 1305 3105 vacui

167 3185 170 3192 Ι
192 3108 334 3166 essemus?
363 3105 520 3184 Caeterum,
538 3119 572 3173 ut
590 3117 711 3176 multum
729 3117 847 3197 proiecit
864 3139 888 3180 rs
908 3123 958 3203 qui
977 3121 1115 3183 deiectmn
1133 3143 1218 3185 suurn
1237 3143 1304 3186 sen·

189 3186 272 3259 tirus,
291 3193 463 3268 quantopere
481 3191 571 3252 atiena
591 3213 645 3274 ope
662 3195 793 3277 indigeat,
815 3198 872 3260 iam
891 3201 1028 3282 agnoscit:
1056 3203 1096 3280 iu
1113 3224 1172 3264 uon
1191 3202 1305 3265 suffice-

17 3319 22 3329 ,
190 3269 235 3322 ret
254 3263 306 3322 snb
325 3265 405 3326 mulis
424 3269 481 3327 suis
500 3289 618 3350 gemere,
643 3276 696 3335 nisi
714 3280 840 3359 prompti
857 3282 1004 3360 paratique
1023 3283 1120 3344 auxilii
1137 3302 1202 3366 spes
1221 3301 1304 3345 acce·
1332 3291 1337 3304 '
1398 3337 1399 3340 ι

114 3351 123 3376 ⁴
191 3341 279 3416 deret,
308 3343 447 3424 quiahoc
465 3350 550 3411 modo
568 3353 637 3412 nihii
654 3373 800 3435 possemus
820 3379 905 3438 quam
924 3379 1052 3421 moerore
1074 3361 1226 3438 tabescere,
1254 3365 1305 3424 vel
1398 3409 1399 3414 η

190 3429 266 3482 certe
326 3421 490 3506 odPapistis
509 3431 617 3508 aoeidit,
634 3431 691 3494 hue
709 3435 778 3497 illuc
796 3438 955 3498 cmsitaudo
972 3440 1068 3500 inutili
1086 3437 1305 3523 etsupervacua

190 3501 255 3561 lassi
308 3504 353 3562 inc
370 3524 422 3564 nos
441 3505 586 3570 conficere.
615 3511 724 3574 Verum
743 3515 792 3575 nbi
811 3515 939 3578 Christum
958 3526 1084 3599 apparet,
1102 3540 1161 3580 uon
1180 3521 1305 3602 amplius

190 3579 295 3641 frustra
319 3602 453 3666 vagamur
480 3589 635 3652 remedium
657 3595 773 3672 petituri
795 3596 870 3658 unde
892 3597 1002 3658 nultum
1026 3598 1087 3658 dari
1135 3606 1222 3661 otesta
1252 3601 1305 3662 sed

188 3666 266 3718 reeta
285 3659 321 3720 ad
339 3681 405 3723 eum
423 3668 573 3748 pergimus.
613 3668 692 3730 Haec
709 3673 795 3752 igitur
813 3694 880 3736 vera
900 3677 1014 3736 demum
1032 3684 1101 3746 eta
1134 3679 1221 3740 'est
1239 3699 1304 3760 gru-

130 3793 138 3809 ,
189 3737 246 3795 tiae
264 3732 320 3797 Dei
340 3744 470 3821 cognitio,
490 3745 557 3806 dum
576 3765 638 3807 cam
657 3750 760 3810 scimus
778 3755 808 3811 iu
821 3753 934 3815 Christo
953 3754 1034 3816 nobis
1053 3773 1116 3818 esse
1133 3759 1303 3838 expositam,

123 3833 138 3862 ·-
189 3813 305 3891 eiusque
323 3837 408 3881 mauu
425 3821 510 3883 nobis
525 3828 639 3922 porrigi.
679 3826 771 3889 Simul
789 3833 921 3893 admouet
935 3833 1074 3912 Christus,
1094 3855 1180 3916 quam
1198 3835 1305 3898 efficax

87 2509 90 2517 =
188 2477 310 2557 geticum
329 2495 481 2556 supponas,
499 2477 533 2537 st
551 2479 636 2539 scires
655 2481 761 2539 donum
780 2480 847 2542 Dei:
867 2503 969 2566 nempe
988 2484 1118 2564 quisnam
1136 2487 1173 2548 sit
1192 2487 1243 2568 qoi
1260 2495 1304 2548 te·
1398 2493 1399 2504 ¹

190 3889 226 3948 sit
244 3891 383 3957 bonorum
401 3915 518 3962 suorum
536 3906 671 3984 cognitio:
690 3913 789 3988 utpote
808 3931 880 3992 quae
899 3913 935 3974 ed
953 3929 987 3974 eu
1006 3917 1163 3996 expetenda
1181 3937 1234 3977 nos
1254 3919 1304 3978 sti·
1398 3907 1399 3910 ¹

188 3967 288 4044 mulut,
308 3973 470 4056 ammosqne
487 3989 601 4043 nostros
614 3986 748 4047 accendit
773 3987 805 4050 Si
818 3992 913 4066 scies,
931 3993 1033 4073 inquit,
1050 3996 1185 4076 petiisses.
1210 3995 1304 4058 Porro

189 4063 292 4127 scopus
311 4051 461 4116 verbomm
479 4061 594 4121 minime
613 4063 748 4126 obscurus
767 4075 822 4130 est:
846 4072 939 4132 votuit
956 4073 1032 4134 enim
1051 4075 1174 4137 mulieris
1195 4075 1305 4138 deside·
1398 4057 1399 4108 3

189 4125 263 4184 rium
287 4145 400 4207 acuere,
427 4155 464 4196 ue
487 4138 610 4200 oblatam
633 4143 685 4204 subi
704 4147 791 4208 vitam
810 4159 975 4232 contemptu
992 4153 1130 4216 miieeret·
1167 4157 1308 4218 neenec

188 4205 241 4264 titt
259 4227 365 4288 equum
383 4220 484 4276 etcum.
531 4217 583 4279 His
607 4221 698 4284 verbis
716 4230 835 4290 testatur
854 4226 997 4307 elidiatum,
1026 4235 1051 4292 si
1069 4234 1219 4314 adipatum
1238 4235 1306 4296 diri-

46 4336 47 4344 ,
161 4289 375 4362 ·gautur‘vota
394 4299 489 4354 uosuu
507 4299 621 4361 urininrc
640 4303 717 4364 inita
736 4304 804 4366 iore.
852 4306 892 4368 Et
915 4318 1006 4386 certe,
1034 4313 1096 4372 aine
1118 4311 1175 4373 hac
1196 4313 1305 4377 fiducia
1398 4371 1399 4374 ,

187 4379 303 4440 P¹⁰r⁸¹¹⁵
322 4366 436 4452 ffigeoet
452 4377 565 4454 petendi
584 4381 716 4472 studium.
740 4383 847 4449 Verum
865 4387 914 4450 ubi
933 4389 1020 4452 adse
1033 4391 1211 4454 venientibus
1220 4385 1304 4456 Cbri-
