2838 4848
166 177 225 252 148
262 183 263 186 ’
548 167 587 228 ΙΝ
607 164 747 230 EVANG.
767 161 897 226 IOANN.

94 309 102 319 ·
167 290 263 352 ludaei
291 283 424 348 iustitiam
446 299 565 420 operum
581 301 624 420 pe
660 301 737 344 eram
756 279 888 342 mundo
907 277 1211 360 sudmeeemequuu
1230 281 1288 344 sint

103 375 105 382 ’
166 369 245 451 quod
270 365 408 426 volebant.
482 361 556 420 laires
601 381 616 420 e
666 361 752 422 eseiae
770 377 888 440 persona
909 359 1062 438 accipiunt,
1113 361 1172 420 nod
1191 357 1289 420 Iudaei

167 447 274 509 audacti
293 444 329 502 ad
347 447 473 502 extrema
492 439 711 520 Redemptorem
729 439 834 498 frustra
853 435 1072 522 imploraverint.
1091 380 1169 521 quo
1190 447 1289 500 aarum

167 525 330 607 simpliciter
348 521 448 579 anxios
467 521 616 600 impiorum
637 519 755 598 gemitus
775 515 821 576 hic
839 517 931 576 notari
950 515 1023 576 inter
1043 521 1128 592 ector,
1147 518 1218 580 dum
1236 538 1287 580 ne·

167 604 293 666 cessitate
318 601 409 658 coacti
427 599 462 657 ad
481 597 576 657 Deum
601 603 745 676 utcunque
772 615 817 656 res
838 597 933 657 ieiunt.
983 591 1005 654 S
1070 603 1137 656 tunc
1167 617 1289 678 quoque

190 678 325 742 uomodo
353 698 412 736 non
441 683 592 756 quaterent:
620 695 687 735 nam
709 617 888 735 increduhtas
911 682 941 736 et
959 675 1117 756 pervicacia
1135 697 1183 735 eos
1202 677 1288 758 quasi

167 705 310 821 horarie*
322 755 452 816 cordibus
471 775 488 814 a
507 754 572 814 Deo
592 761 677 814 arcet
723 753 999 834 Cuperent·qnidcm
1018 751 1114 814 Delum
1138 755 1233 833 adesse
1252 755 1286 814 li-

152 833 333 910 'hcratorenn
353 836 403 895 sed
421 833 632 915 impoenitentia
651 831 682 894 et'
700 831 801 892 duritia
815 829 1054 906 cordissuiviam
1064 829 1285 905 sihiobstruunt.

165 916 337 996 Exemplum
356 912 491 973 habemus
511 914 539 972 in
550 911 635 986 Esau,
655 912 705 996 qui
720 911 891 994 obemptam
903 908 1287 1050 sibiprimopenituramnon

165 1015 296 1058 moerore
315 999 426 1054 tantum
445 991 579 1064 allicitur,
604 991 653 1052 scd
672 991 792 1050 fremens
812 1011 845 1050 ac
863 991 994 1050 frendens
1014 991 1044 1050 in
1077 993 1200 1052 etiosam
1218 991 1286 1052 indi·

234 1075 241 1091 .
379 1094 385 1109 ‚
487 1073 494 1088 .
641 1075 659 1110 0
1176 1073 1183 1086 .
1249 1073 1255 1087 .

165 1067 778 1234 tttttht'httt‘lehaiath.
791 1067 1145 1226 lttatt.t.⁷·h.,⁸tl
1160 1077 1287 1210 etth

165 1232 290 1295 maxime
309 1249 343 1290 ea
362 1229 508 1310 indignum
526 1229 632 1287 reddat.
654 1227 712 1287 Sic
726 1226 806 1288 Deus
826 1229 855 1286 in
874 1227 999 1310 reprobis
1015 1230 1120 1310 gratiae
1134 1247 1203 1306 suae
1218 1248 1284 1288 con-

166 1316 306 1394 temptum
326 1309 421 1368 ulcisci
440 1308 519 1380 solet,
539 1314 571 1366 ut
586 1305 632 1368 vel
643 1307 782 1366 atrocibus
790 1309 890 1390 poenis
899 1307 1005 1384 afflicti,
1024 1309 1070 1368 vel
1079 1309 1285 1368 nniseriacsuae

166 1410 252 1450 sensu
271 1389 423 1462 constricti,
447 1387 493 1463 vel
513 1385 651 1466 compulsi
670 1387 699 1446 in
718 1383 786 1446 alias
805 1389 948 1470 angustias
968 1394 1128 1468 querantur,
1153 1386 1287 1460 clament,

165 1467 286 1529 eiulent:
316 1467 366 1526 sed
389 1465 468 1526 nullo
487 1466 630 1546 proiectu,
659 1466 725 1548 quoia
744 1487 854 1552 semper
873 1470 920 1528 sui
939 1466 1042 1528 sinaites
1061 1466 1178 1526 eandem
1197 1483 1287 1544 quam

166 1547 245 1630 prius
264 1546 397 1606 ferociam
416 1546 492 1604 intus
511 1544 598 1620 alunt,
617 1565 708 1628 neque
728 1547 764 1605 ad
772 1545 867 1608 Deum
886 1547 1024 1621 sementen,
1041 1545 1092 1605 sed
1110 1545 1205 1626 potius
1220 1562 1287 1602 cuns

167 1631 307 1687 mutatum
325 1625 431 1698 pellent
450 1623 563 1704 quando
583 1624 694 1696 aholcrc
710 1627 866 1707 nequeunt
894 1618 990 1688 ‘Hune
1014 1625 1152 1704 discamus
1176 1629 1287 1695 matum

150 1701 365 1785 'excipiendum
384 1723 445 1764 esse
465 1701 617 1778 Christum,
646 1703 695 1765 ubi
718 1725 749 1766 se
769 1707 850 1786 quasi
888 1712 1045 1771 mesentem
1064 1704 1145 1777 sistit
1172 1721 1210 1764 ne
1227 1701 1287 1763 eius

168 1783 280 1844 lrucndi
299 1783 409 1843 occasio
428 1781 508 1842 nohis
527 1784 635 1842 effluat:
662 1785 728 1863 quia
746 1785 770 1844 si
790 1727 887 1846 semel
896 1781 991 1844 clausa
1010 1784 1095 1843 luerit
1112 1784 1204 1854 ianua,
1228 1778 1286 1838 fru-

167 1870 226 1922 stra
245 1861 353 1942 ingredi
372 1859 547 1923 tentabimus.
587 1860 723 1940 Quaerite
741 1861 907 1938 Dominum,
925 1862 1018 1943 inquit
1036 1861 1136 1922 lesaias
1156 1860 1218 1938 (55.
1236 1855 1311 1936 6.)‚.

168 1941 237 2001 dum
260 1942 379 2000 inveniri
402 1947 507 2024 potest:
537 1943 667 2002 invocate
690 1960 758 2004 eum
777 1943 845 2006 dum
864 1963 918 2024 pro
975 1948 1026 2001 eat.
1066 1937 1174 2000 Sedulo
1193 1941 1232 1998 ita
1254 1956 1290 1996 ue

168 2033 316 2080 occurrere
334 2019 399 2080 Deo
419 2021 563 2094 convenit,
594 2020 765 2096 dumadest
783 2029 894 2104 tempus
932 2021 1094 2100 coaptandi,
1123 2017 1206 2078 sicuti
1252 2014 1289 2074 'bi

168 2099 296 2179 loquitur
314 2093 389 2158 idem
402 2097 544 2179 Propheta
559 2098 621 2177 (49,
631 2100 681 2178 8.),
701 2103 766 2180 quia
786 2103 926 2160 nescimus
945 2099 1080 2180 quamdiu
1098 2103 1225 2158 nostram
1244 2115 1294 2169 sogv

168 2177 293 2238 cordiam
312 2177 420 2237 latums
438 2178 476 2238 sit
493 2177 583 2237 Deus.
621 2177 655 2238 ln
674 2179 767 2240 verbis
786 2179 846 2240 istis
865 2169 922 2240 ilbi
939 2199 992 2260 ego
1010 2197 1074 2238 sum
1092 2195 1151 2242 non
1169 2173 1290 2254 potestis

169 2258 276 2328 venire,
295 2261 407 2338 tempus
425 2273 556 2336 praesens
576 2254 640 2317 loeo
660 2256 748 2318 futuri
767 2261 890 2339 ponitur.

248 2335 296 2396 35.
330 2341 394 2409 Quo
412 2333 460 2394 hie
477 2343 574 2394 alsamo
593 2340 653 2396 esti
691 2335 754 2396 Hoc
773 2337 902 2398 consulto
921 2335 1100 2418 Evangelista
1117 2333 1238 2406 addidit,
1256 2333 1291 2390 nt

169 2399 329 2474 ostenderet
348 2419 471 2549 puantus
490 2413 575 2472 fuerit
593 2415 693 2496 populi
711 2423 819 2498 stupor.
857 2417 901 2476 lta
924 2417 1004 2498 impii
1027 2437 1085 2476 non
1107 2413 1193 2474 modo
1213 2409 1291 2470 surdi

170 2499 237 2551 sunt
256 2491 293 2549 ad
312 2511 348 2550 au
367 2492 477 2550 iendam
491 2489 551 2550 Dei>
566 2491 730 2570 doctrinam
750 2497 800 2558 scd
819 2495 965 2556 horribiles
985 2516 1025 2575 qu
1084 2515 1100 2553 e
1116 2495 1205 2552 urinas
1219 2489 1291 2550 ludi·

85 2645 89 2654 .
170 2569 258 2630 bundi
277 2573 456 2650 praetercunt
475 2569 555 2650 quasi
574 2572 679 2652 aliquid
698 2574 858 2648 fabulosum
877 2575 1014 2644 audirent.
1087 2568 1233 2630 ominatim
1245 2569 1291 2648 lo·

170 2653 278 2785 Ἓιιίιιι
303 2655 363 2706 erat
382 2647 511 2710 Christum
536 2649 687 2728 dc'Patre,
712 2655 766 2734 ipsi
790 2661 886 2716 autem
909 2655 941 2714 in
959 2651 1215 2722 enarrandum,
1239 2667 1292 2708 nec

171 2725 249 2785 a'ud
268 2728 393 2806 cogitant
412 2745 498 2807 quam
516 2731 711 2809 migrationem
735 2735 764 2794 in
787 2733 915 2814 mpones
939 2731 1036 2814 longin
1076 2751 1117 2790 as.
1168 2729 1291 2788 Graecos

170 2803 280 2865 ludaeis
299 2807 395 2864 vocari
414 2811 611 2868 transmarinas
631 2817 728 2891 gentes
752 2813 819 2872 sads
842 2819 943 2872 notum
962 2817 1013 2872 cst
1081 2830 1119 2868 on
1137 2815 1231 2868 tamen
1251 2807 1291 2866 in·

170 2883 300 2964 telligunt
320 2879 464 2944 Christum
488 2887 524 2946 ad
547 2889 756 2952 incircumcisos
780 2897 947 2966 venturum,
976 2887 1026 2949 scd
1050 2889 1088 2948 ad
1105 2883 1222 2948 ludaeos
1243 2885 1293 2965 qui

171 2963 334 3057 pervarias
359 2963 455 3024 mundi
473 2963 569 3046 plagas
593 2969 719 3038 dissitati
742 2977 828 3030 crant
879 2967 952 3030 Nam
976 2971 1165 3049 dispersim
1188 2983 1293 3026 nomen

172 3043 308 3122 indigenis
333 3044 469 3123 cuiusque
493 3045 548 3104 loct
568 3053 596 3106 et
615 2993 670 3128 qul
683 3049 812 3109 incolunt
830 3049 925 3110 natale
944 3049 1038 3108 solum
1055 3067 1115 3106 non
1134 3043 1294 3141 quadraret,

170 3119 279 3180 ludaeis
309 3127 402 3181 autem
431 3123 558 3204 profugis
582 3133 611 3186 et
634 3128 777 3188 exsulibus
802 3129 908 3208 optime
932 3128 1073 3188 convenit
1122 3125 1173 3184 Sic·
1190 3116 1295 3184 Petrus

171 3199 319 3295 epistolam
338 3218 419 3259 suam
431 3203 560 3338 priorem
579 3207 769 3284 repertitium
787 3209 939 3283 διασπορᾶς
958 3205 1057 3279 Ponti,
1078 3201 1220 3277 Galatiae,
1239 3207 1294 3262 etc.
1400 3247 1401 3262 ι

171 3277 306 3352 mscmhrt,
326 3285 354 3337 et
366 3278 431 3361 laco
451 3300 484 3340 us
504 3283 652 3342 duodecim
670 3283 760 3344 tribua
779 3283 809 3344 ἓν
826 3289 858 3360 τῇ
875 3289 1015 3362 διασπορᾷ
1034 3285 1200 3344 constitutas
1219 3280 1297 3340 salu-

171 3361 228 3430 tat,
259 3375 332 3438 quae
355 3358 485 3439 loquutio
503 3367 616 3444 sumpta
636 3367 679 3421 est
698 3381 736 3422 ex
754 3359 833 3422 Mese
853 3367 882 3422 et
900 3359 1058 3443 Prophetis.
1097 3359 1173 3440 Ergo
1193 3377 1293 3416 senam

170 3435 322 3496 verborum
341 3444 394 3513 cot,
414 3436 490 3499 Num
509 3439 556 3502 hie
573 3461 652 3505 mure
670 3443 798 3516 trajiciet,
818 3448 852 3501 ut
870 3460 901 3502 se
919 3441 955 3500 ad
968 3441 1085 3501 ledaeos
1099 3435 1227 3509 conserat
1240 3435 1295 3514 qui

170 3513 297 3575 habitant
326 3515 356 3576 in
385 3520 493 3579 mundo
523 3521 605 3580 nohis
634 3522 698 3580 inco
737 3523 796 3580 ito?
834 3515 873 3580 Et
895 3519 958 3580 fieri
983 3519 1076 3600 potest
1093 3517 1125 3576 nt
1144 3513 1294 3574 Christum
1399 3587 1400 3597 χ

169 3591 226 3652 hoc
239 3593 360 3656 ludibrio
380 3615 483 3658 vexare
502 3601 657 3660 voluerint:
705 3597 967 3674 1hiccsthlcssias,
986 3618 1022 3657 an
1040 3595 1119 3678 mgni
1137 3594 1180 3653 sul
1195 3591 1294 3652 sedon

168 3671 199 3762 ip
219 3671 336 3734 Graecia
360 3673 437 3756 liget,
506 3692 556 3736 um
574 3677 654 3737 Deus
678 3685 782 3737 terram
802 3677 918 3738 Cannam
941 3676 1088 3816 proprium
1110 3667 1152 3733 llli
1177 3671 1314 3754 domici-¹

170 3747 241 3842 hum
259 3753 461 3832 assignaverit?
507 3775 587 3816 erum
607 3763 749 3836 utcunque
767 3777 814 3818 res
833 3756 934 3818 habeat
954 3759 984 3818 vi

171 3829 209 3885 stu
228 3826 438 3894 denuntiatione
457 3832 528 3896 nihil
546 3835 633 3896 uuae
653 3843 821 3898 commotos.

258 3981 311 4051 37.
344 3983 444 4058 Porro
466 3987 579 4059 ultimo
602 3991 662 4074 die,
684 3993 738 4084 qui
760 3979 916 4060 maximus
938 4001 1005 4060 erat
1028 3990 1089 4058 diei
1111 3985 1191 4069 lasti,
1204 3982 1299 4068 ¹stetit
1397 4021 1398 4064 p

168 4083 266 4169 lesus,
288 4097 321 4158 ct
343 4090 486 4162 clamavit
507 4097 622 4181 dicens,-
645 4097 772 4189 Siquis
794 4099 866 4182 sitii,
888 4097 994 4165 veniat
1015 4097 1055 4164 ad
1077 4119 1139 4178 me,
1160 4089 1299 4160 ethibat.

168 4189 223 4256 33·
251 4192 314 4277 (lul
336 4199 432 4265 credit
452 4200 485 4266 in
507 4225 570 4284 me,
592 4205 859 4294 quemadmodum
882 4193 1301 4296 dicit·Sc1ipturs,tlumina

169 4293 209 4362 de
231 4309 340 4368 ventre
362 4297 430 4370 eiua
451 4297 550 4374 lluent
571 4329 670 4398 aquae
693 4305 836 4378 viventis.
860 4309 915 4394 39.ι
926 4305 1115 4380 [locantem
1127 4295 1301 4370 dicebatde

1002 3775 1082 3817 emus
1101 3770 1201 3814 severa
1211 3749 1294 3810 Chri·
1398 3789 1399 3802 ι
