2716 4856
412 273 415 284 p
454 229 458 272 1
519 203 649 272 CAPUT
667 201 762 270 XVII„
1115 181 1192 278 ⁴351

67 349 130 392 rum
154 325 315 389 dmulacrss
339 321 391 384 sed
413 323 470 388 ulei
493 320 550 388 Dei
573 341 679 384 numen
705 342 739 387 uc
762 320 900 388 virtulem
923 317 1219 407 αἰΙΙμυωιοίωη-’

67 409 157 482 locris,
176 427 211 466 on
230 404 296 464 iudo
316 409 477 484 sperassent
497 403 654 464 auxilium?
672 423 709 464 sn
729 403 798 463 illue
817 421 883 463 suas
902 424 1001 483 preces
1020 411 1050 466 et
1069 411 1136 466 vols
1151 407 1192 466 di·

67 487 219 548 rexissent?
238 485 306 544 irino
319 485 406 544 elicui
422 483 590 560 factumest,
609 489 640 542 ul
655 483 795 564 templum
804 503 893 542 unum
902 483 964 544 aliis
974 491 1049 546 osset
1058 487 1191 546 sanctim.
1267 537 1270 544 ⁴

67 565 192 646 Delphos
220 563 388 638 cursitent,
418 569 450 624 ut
479 561 544 624 inde
610 567 702 624 terent
729 563 755 624 A
778 561 872 624 ollinis
896 564 1026 626 oracula:
1064 563 1193 627 Mirrerva

66 647 182 708 Athenis
205 645 302 707 sedem
326 651 356 704 et
379 642 552 703 domicilium
596 641 705 702 abebat.
772 641 882 704 idemus
901 663 978 704 uuno
996 641 1080 704 Pauli
1100 642 1193 706 veritis

66 727 163 788 selsam
182 726 345 806 opinionem
369 723 533 803 perstringi,
556 740 614 803 quo
638 742 752 804 semper
774 723 834 783 scre
858 721 948 784 delmi
966 721 1083 786 fuerunt
1101 719 1192 808 horni-

65 825 129 880 ncs,
212 801 346 864 dDenur
371 801 511 862 carneum
530 801 683 883 fingebant
722 801 779 862 Hic
796 803 905 882 primus
924 809 969 863 est
987 803 1080 866 aditus
1099 805 1129 866 in
1147 825 1192 869 re·

65 893 140 948 etam
205 887 212 901 '
233 885 374 957 notitiem,
391 883 416 942 si
435 891 516 944 extra
535 901 589 943 nos
604 881 773 962 egredimur,
792 901 846 944 nec
859 883 953 964 ipsum
969 887 1103 946 metimur
1112 905 1191 948 men·

66 967 101 1026 tis
119 971 233 1042 nostroe
253 970 351 1043 captu:
371 964 429 1025 imo
448 961 520 1022 nihil
539 961 575 1022 de
594 981 629 1022 eo
649 982 702 1042 pro
717 981 803 1022 sensu
822 963 915 1022 carnis
928 969 1043 1024 nostrae
1056 965 1190 1046 imagine·
1230 1023 1233 1032 ,

65 1063 139 1118 mur,
157 1043 207 1104 sod
225 1043 375 1105 statuimur
393 1063 461 1102 eum
479 1061 565 1124 sopra
583 1041 746 1121 mundum,
757 1047 787 1102 et
805 1061 823 1100 a
842 1043 977 1102 maturis
992 1043 1191 1106 discernimus:

66 1119 1191 1283 isiliiociiiiiliiidaiiiae[empuisviiiiiiiitxliiii„didriitiiiesuriisiiigiiiduiiscliiiffiiiiit⁸
1267 1197 1273 1208 ’

65 1279 138 1342 Num
148 1290 189 1344 ut
205 1289 274 1342 suut
292 1283 417 1342 carnales
436 1287 467 1344 et
485 1283 600 1358 terreni,
620 1201 724 1341 uoiirc
736 1275 845 1342 'volunt
864 1281 915 1361 qui
931 1286 1203 1346 uolumenum.

64 1361 214 1437 sordeat,
243 1361 344 1422 dende
366 1381 420 1442 pro
445 1380 496 1422 sua
520 1361 636 1422 audacia
660 1355 784 1441 figurant
807 1361 920 1440 qnnlen
939 1369 1060 1456 possunt
1078 1381 1192 1446 capere.

86 1441 175 1502 ulibus
197 1441 344 1522 figmentis
367 1443 559 1522 corrumpitur
581 1441 690 1500 sirrccro
713 1447 743 1500 et
766 1441 873 1522 liquida
892 1437 948 1500 Der
968 1443 1103 1522 cognitio:
1129 1445 1189 1504 imo

66 1521 126 1580 eius
141 1522 258 1596 veritas,
278 1521 352 1582 sicut
375 1518 558 1585 dicitPsulns
578 1515 678 1597 (Rom.
690 1523 719 1592 1,
734 1523 799 1594 25.)
819 1522 939 1580 vertitur
951 1521 981 1580 in
999 1521 1190 1584 mendacium.

62 1597 195 1683 Quisquis
229 1601 305 1662 enim
334 1619 421 1680 supra
449 1599 589 1660 mnodum
612 1618 671 1660 uon
695 1599 872 1673 conscendit,
899 1602 998 1660 manes
1018 1599 1137 1662 'umbras
1160 1612 1191 1662 et

61 1675 825 1844 efflettttltitleltlt‘ttttttt
839 1677 1190 1824 tttt‘ffitttffi

118 1801 127 1834 ,
1032 1803 1040 1818 .

61 1841 349 1980 ”tttt‘nt‘tlt
363 1835 990 1993 tttttttttettltlttnlttts,
1005 1837 1190 1998 ttl’tltl

60 1997 168 2060 ludaeis
186 1999 339 2074 acddcrit,
357 1999 462 2080 quibus
481 2004 576 2058 terum
595 1995 676 2056 Deus
700 1995 875 2077 spiritualem
899 2014 981 2067 acam
1001 1997 1120 2078 gloriam
1139 2016 1189 2078 pa·

60 2079 205 2141 lelecerat.
244 2077 345 2160 Neque
368 2079 444 2139 enim
467 2077 573 2140 irmtra
596 2095 647 2136 cos
666 2075 796 2154 obiurgat
813 2073 915 2134 lcsoias
934 2073 1007 2156 (66,
1026 2077 1085 2155 1.),
1109 2077 1188 2158 quod
1229 2135 1234 2144 ,

61 2155 157 2221 Deum
180 2158 328 2220 includunt
355 2159 455 2239 templi
478 2155 639 2238 perietibus.
682 2153 722 2214 Et
744 2153 800 2215 hoc
824 2154 925 2214 vitium
949 2155 1070 2216 saeculis
1098 2158 1188 2218 omui·

59 2237 113 2298 bus
130 2241 208 2300 inter
226 2258 276 2300 eos
294 2247 453 2318 grossatum
471 2254 542 2306 esse,
560 2235 702 2316 colligitur
720 2253 757 2298 cx
776 2234 912 2294 concione
930 2231 1080 2314 Stephani,
1099 2256 1188 2318 quam
1223 2255 1226 2270 ’

61 2313 154 2378 Lucas
173 2319 225 2396 (su
247 2336 279 2378 ra
298 2319 332 2393 7,
351 2319 439 2392 td),
456 2315 561 2378 retulit.
601 2313 634 2374 Si
654 2313 719 2396 quis
737 2312 872 2388 ludaeos,
892 2333 1017 2394 quorum
1035 2317 1189 2380 orwltiem

60 2399 189 2478 exagitat
234 2397 335 2477 piritus
358 2401 474 2458 sancitu
497 2400 639 2476 rogasset,
670 2393 807 2474 numquid
832 2399 966 2474 putarent
985 2392 1080 2456 Deum
1104 2415 1188 2456 soum

59 2477 169 2558 templo
189 2495 252 2536 csse
269 2474 424 2550 inclusum,
442 2473 555 2536 iortiter
572 2481 723 2554 negassent
740 2480 800 2536 tam
819 2490 915 2548 crasso
935 2494 1033 2534 errore
1045 2495 1075 2536 sc
1089 2479 1188 2538 teneri.

57 2555 118 2616 Sed
145 2556 213 2634 quie
231 2574 324 2634 neque
342 2575 428 2636 snpra
446 2555 589 2616 ocularem
607 2552 707 2635 templi
725 2559 909 2635 conspectum
928 2555 1070 2615 mentibus
1089 2575 1185 2638 surge-

57 2637 138 2708 bant,
157 2640 189 2704 ut
205 2635 314 2714 templo
332 2635 432 2696 conlisi
441 2633 536 2696 Deum
555 2634 637 2716 quasi
655 2635 709 2694 sibi
728 2633 891 2696 devincesm
909 2653 972 2695 esse
985 2633 1188 2717 gloriabantur,

57 2715 161 2776 merito
176 2711 299 2795 Spiritus
317 2735 368 2776 ecs
386 2717 488 2796 arguit,
506 2713 587 2796 quod
604 2733 671 2774 oum
689 2713 799 2796 templo
818 2733 876 2774 non
895 2733 980 2776 secus
994 2734 1029 2776 ce
1041 2713 1187 2780 hominem

57 2792 212 2856 mortalem
230 2793 358 2876 alligent:
378 2803 424 2856 est
440 2797 517 2858 enim
536 2793 608 2856 illud
626 2814 726 2855 verum
746 2793 900 2876 quodiam
919 2795 992 2868 diri,
1011 2799 1188 2878 superstitio·

56 2893 125 2936 nem
150 2871 205 2934 sibi
227 2893 289 2934 esse
313 2877 483 2936 centuriam
506 2880 537 2936 et
555 2877 586 2936 in
604 2877 698 2935 varias
716 2876 929 2956 imaginationes
947 2877 1086 2953 diffluere,
1123 2877 1187 2941 Nec

55 2975 127 3014 vero
142 2951 228 3013 hodie
246 2954 301 3018 alia
319 2957 445 3036 suppetit
458 2954 580 3036 Papistis
599 2955 734 3029 defensio,
753 2973 840 3034 quem
860 2973 917 3034 qus
936 2955 1005 3016 olim
1043 2957 1143 3018 entiics
1156 2967 1187 3022 et

54 3035 155 3098 lueeei
175 3053 243 3093 suos
257 3053 368 3095 errores
384 3043 529 3114 uteunque
542 3034 639 3094 fucare
653 3034 701 3093 vel
777 3055 808 3094 re
822 3035 1001 3094 couelisunt
1063 3055 1186 3114 summa,

55 3113 222 3197 superstitio
245 3111 342 3174 Deum
364 3115 395 3174 in
418 3112 533 3193 templis
556 3113 724 3194 munulselis
768 3113 874 3174 abitare
898 3111 994 3192 lingit,
1022 3133 1082 3174 uon
1106 3119 1187 3196 quod

54 3205 196 3276 tanrprarn
216 3192 246 3250 in
265 3193 412 3272 ergastulis
431 3211 464 3252 co
485 3193 578 3252 tivum
597 3197 693 3252 unere
711 3192 794 3266 volit,
817 3192 867 3251 sed
887 3193 953 3272 quia
972 3189 1069 3252 Deum
1088 3213 1185 3258 mens.
1307 3205 1326 3274 Ἰ

54 3277 113 3338 lem
133 3271 279 3336 somnians
298 3291 405 3332 numen
423 3214 506 3332 idoiir
525 3270 646 3352 effingit,
664 3269 758 3330 ctDei
777 3271 895 3352 gloriam
915 3271 952 3332 ed
970 3277 1103 3334 externos
1122 3295 1186 3356 spe.

54 3360 113 3419 cies
137 3349 283 3414 osmfsu.
327 3349 437 3412 Verum
460 3353 485 3412 si
510 3349 592 3412 Deus
614 3351 656 3410 in*
669 3349 781 3430 templis
804 3350 971 3447 manuhelis
989 3371 1049 3412 nou
1068 3353 1187 3434 habitat,

54 3429 451 3592 ettt‘tllttttt
469 3431 693 3574 &iiiiii
703 3427 860 3590 {iiffil
872 3433 1186 3594 estitit:

54 3596 129 3658 Pssl.
141 3597 192 3669 80,
212 3597 251 3670 2,
279 3593 347 3654 ibid
367 3596 434 3668 132,
455 3597 502 3656 12.
523 3593 593 3670 lt).
626 3587 807 3670 Respondeo,
825 3591 907 3652 sicuti
925 3591 991 3653 loeo
1006 3593 1111 3656 uilixus
1124 3617 1184 3658 non

54 3685 125 3750 erat,
144 3678 185 3736 ita
204 3671 277 3771 nihil
297 3673 338 3732 illi
352 3672 439 3734 fuisse
457 3673 550 3768 minus
570 3672 759 3766 propositum,
777 3690 863 3750 quam
876 3671 1016 3769 populum
1031 3695 1115 3736 suum
1129 3684 1183 3737 ter-

52 3752 648 3914 tttllttlltttltlt'tllt
666 3751 704 3890 ii
714 3769 779 3892 tt
791 3751 1184 3914 ‘lttlltl'tltttt‘l

52 3935 150 3976 rerum
169 3913 290 3972 intuitus
309 3913 351 3972 sic
369 3914 529 3994 occuparit,
550 3919 582 3972 ut
601 3913 786 3970 subsisterent
804 3915 833 3970 in
852 3919 937 3986 terra,
957 3919 988 3974 et
1006 3933 1023 3972 a
1043 3915 1183 3994 spirituali

53 3992 110 4054 Dei
129 3991 212 4053 cultu
230 3991 418 4053 discederent
456 3991 532 4052 Hinc
550 3993 680 4051 videmus
698 3991 815 4072 longum
833 3991 920 4052 luisse
939 3993 1090 4056 discrimen
1108 3997 1183 4058 inter
1317 3987 1324 4000 ⁹

52 4073 232 4154 presentiae
250 4071 363 4132 divinae
380 4071 526 4152 symbola,
544 4091 619 4152 quac
638 4071 690 4130 sibi
709 4071 837 4134 homines
856 4079 963 4134 temere
981 4073 1134 4153 linxerunt,
1153 4083 1183 4138 ot
1248 4143 1251 4150 ,

53 4174 128 4233 quoe
148 4153 267 4214 fuerunt
285 4152 420 4212 divinitus
440 4151 580 4214 ordinate:
608 4153 675 4233 quie
694 4151 827 4214 deorsum
845 4171 958 4236 semper
975 4153 1112 4218 inclinant
1130 4157 1181 4218 ho·

52 4235 155 4310 mines,
173 4239 207 4294 ut
225 4231 323 4308 Deum
342 4231 554 4328 apprehendant
572 4233 679 4294 carneli
697 4232 800 4332 modo,
822 4229 904 4294 Deus
922 4241 1019 4296 autem
1035 4237 1118 4332 periei
1136 4239 1181 4299 sui

53 4313 143 4376 ductu
162 4331 276 4378 sursum
295 4331 346 4376 eos
364 4311 478 4376 attollo.
507 4311 631 4378 Tantum
648 4313 814 4380 utonem
833 4314 963 4394 symbola
977 4314 1099 4395 adhibet,
1119 4319 1181 4400 qui·
