2810 4850
176 231 196 292 s
567 175 921 286 murmurosus.

179 339 273 404 luerit
322 337 386 401 lloc
407 343 503 398 sutem
525 334 562 396 ad
581 356 681 399 omnes
699 337 800 401 mundi
814 343 919 400 estates
938 340 1028 416 potet:
1058 337 1125 416 quia
1150 341 1302 418 antequam

179 419 373 484 manifestatus
392 417 427 477 sit
445 417 475 476 in
494 433 578 475 cerne
596 415 737 492 Christus,
754 435 837 478 suam
855 416 961 496 ubique
980 416 1114 476 virtutem
1132 415 1302 498 proferebat.

74 545 78 562 .
179 499 257 582 Ergo
275 495 431 584 quotidem
452 494 495 555 iili
517 493 635 556 eftectus
659 498 798 578 corrigere
821 495 959 558 dehebant
982 493 1130 556 hominum
1148 493 1303 577 torporem.

180 576 262 660 Quid
279 581 353 642 euim
370 573 460 656 magis
478 573 639 652 aminnium,
658 593 745 657 quam
763 575 877 638 haurire
892 595 929 636 cx
943 575 1007 634 rivo
1021 575 1126 636 fluente
1141 593 1255 656 uqrmm,
1274 581 1306 638 et

180 666 276 720 mente
294 677 352 718 non
370 655 518 738 concipere
535 654 654 731 tonum,
673 655 748 718 unde
762 657 841 718 rivus
855 656 916 736 ipse
930 655 1081 716 scaturiat?
1108 653 1207 736 igitur,
1225 655 1305 736 quod

179 738 303 800 mundns
322 735 468 796 Christum
495 754 555 796 non
579 737 714 817 cognovit
736 741 888 818 antequam
911 735 1138 796 manifestaretur
1159 736 1191 796 iu
1210 753 1305 810 carue,

179 818 257 880 nulla
274 816 433 895 reperiatur
450 815 524 876 iusta
541 816 715 896 ignorantiae
731 817 887 878 mutuatio.
931 813 994 876 Hoc
1013 814 1091 875 enim
1109 833 1208 875 eorum
1224 816 1305 896 igna-

178 898 226 956 via
244 901 274 956 et
291 895 416 975 maligno
435 894 560 976 quodem
575 901 691 977 stupore
705 895 814 972 accidit,
835 897 885 976 qui
901 914 966 956 eum
980 913 1093 974 semper
1106 894 1211 954 virtute
1223 911 1305 1032 prec-

179 979 289 1035 sentem
307 973 458 1044 habebant
497 973 617 1036 Summe
636 981 689 1048 est,
707 994 854 1056 nunquam
872 975 958 1035 talem
977 973 1064 1034 fuisse
1081 971 1188 1033 Christi
1207 991 1224 1031 a
1242 992 1306 1034 seu·

177 1055 249 1114 tisun
268 1073 285 1112 a
304 1053 422 1127 mundo,
440 1055 520 1134 quin,
538 1054 666 1115 homiues
679 1055 740 1115 eins
754 1055 839 1116 radiis
852 1053 1054 1136 expergefacti,
1071 1054 1103 1114 in
1118 1053 1214 1134 ipsum
1222 1053 1305 1112 attol-

178 1133 238 1194 lere
253 1132 352 1194 oeulos
368 1133 521 1194 debuerint
546 1133 628 1195 Unde
642 1136 778 1216 seqnitur,
793 1136 905 1216 culpem
919 1135 996 1194 illum
1011 1132 1205 1215 Mpulendam
1214 1149 1286 1192 esse.

258 1213 307 1273 11.
346 1216 387 1273 Io
405 1235 462 1274 suo
480 1223 566 1275 vend.
605 1211 660 1274 Hic
678 1234 748 1276 sero
767 1234 884 1295 prorsus
904 1213 1050 1293 deplorate
1073 1212 1222 1272 hominum
1239 1229 1306 1292 pra·

178 1291 252 1352 vitas
271 1297 301 1352 et
314 1293 432 1352 malitia:
452 1291 499 1356 hic
514 1294 579 1374 plus
590 1314 675 1374 quam
689 1294 825 1356 scelerata
837 1294 966 1374 impietas
979 1299 1106 1372 apparet,
1168 1291 1205 1350 nd
1215 1310 1306 1371 quum

178 1368 266 1444 Filius
281 1369 339 1432 Dei
356 1391 388 1432 ss
406 1372 437 1434 iu
455 1391 540 1433 cerne
559 1374 745 1455 conspicuum
763 1373 899 1448 exhihuit,
918 1379 948 1458 et
967 1372 1081 1452 qrridem
1093 1309 1211 1445 ludieis,
1232 1389 1307 1450 quos

119 1479 121 1486 ¹
178 1448 233 1510 sibi
251 1447 334 1512 Dens
353 1449 389 1511 ah
408 1451 470 1511 aliis
490 1435 628 1514 Gentibus
648 1453 776 1514 velutin
795 1452 939 1534 peculirm
957 1457 1166 1532 segregaverat:
1186 1469 1246 1510 non
1263 1454 1306 1509 ts-

179 1548 247 1589 men
266 1531 377 1613 agultns
395 1549 451 1592 nec
467 1539 597 1614 receptus
615 1533 679 1596 suit,
722 1529 807 1592 Hunc
830 1533 916 1592 etism
934 1532 1030 1592 locum
1048 1532 1127 1591 varie
1146 1533 1305 1610 exponunt.

178 1607 278 1689 Aliqui
307 1611 383 1674 enim
411 1613 572 1692 promissus
596 1612 632 1673 de
655 1617 718 1673 toto
737 1611 845 1672 mundo
863 1609 1073 1692 Evangelistam
1092 1615 1193 1750 putant
1212 1608 1223 1668 Ι
1284 1609 1306 1666 'r

178 1693 209 1748 et
228 1695 304 1750 certe
322 1690 401 1751 nullu
420 1697 549 1772 estpars
568 1691 681 1768 muudi,
706 1711 793 1772 quam
812 1710 872 1752 nou
891 1690 945 1752 sibi
964 1692 1024 1752 inre
1043 1692 1092 1750 vin
1112 1691 1166 1750 'eet
1184 1687 1242 1748 Dei
1284 1688 1308 1747 i·
1392 1686 1393 1698 ¹

178 1767 241 1828 lius.
272 1767 381 1830 Sensus
395 1788 464 1852 ergo
483 1777 527 1830 est
545 1771 703 1832 secundum
716 1771 793 1832 illos:
813 1768 913 1850 Quum
924 1769 1053 1832 Christus
1067 1771 1097 1829 in
1110 1767 1248 1830 mundum
1258 1767 1307 1827 de-

178 1846 301 1924 scendit,
323 1869 384 1916 nnn
402 1850 434 1910 in
451 1849 559 1912 menos
578 1849 651 1921 fines
669 1852 828 1931 ingressum
846 1869 922 1924 esse,
947 1849 1014 1932 quie
1033 1855 1124 1910 totum
1143 1865 1232 1928 genus
1251 1845 1307 1906 hn-

177 1945 308 2002 manum,
332 1947 386 2009 pro
407 1929 449 1988 ric
471 1936 533 1990 eret
551 1931 613 1989 eius
632 1927 797 1990 haereditas.
836 1927 897 1990 Sed
915 1930 1017 1990 rectius
1036 1929 1158 1988 sentiunt
1176 1943 1242 1986 meo
1261 1927 1307 1984 in-

118 2017 121 2032 ·
177 2004 262 2082 dicio,
281 2007 332 2086 qui
393 2015 476 2068 erunt
494 2008 531 2070 sd
550 2009 627 2070 solos
640 2009 768 2082 ludaeos.
807 2007 914 2070 Subest
932 2011 1007 2069 enim
1022 2009 1107 2068 tacita
1121 2025 1184 2068 com
1206 2006 1307 2080 arctio,

177 2104 236 2179 qua
254 2086 345 2168 magis
363 2093 515 2168 exaggerat
527 2086 709 2169 Evangelista
723 2087 873 2150 hominum
886 2083 1179 2180 ingratitudineml*
1201 2103 1236 2144 ns
1249 2081 1309 2144 Dei

176 2163 231 2224 obi
249 2165 280 2224 in
298 2184 357 2226 nna
374 2171 459 2248 gente
478 2166 652 2226 domicilium
670 2166 807 2249 elegerat:
838 2187 928 2249 quum
947 2169 1005 2230 illio
1024 2170 1169 2302 sppprurt,
1186 2165 1308 2226 euectus
1393 2219 1394 2232 ,

175 2249 228 2304 est
267 2241 342 2304 Hine
359 2263 429 2326 ergo
448 2244 525 2304 clere
629 2245 722 2322 iciturr,
741 2267 829 2328 quam
847 2248 987 2308 malitiosa
1004 2245 1041 2304 sit
1093 2263 1203 2304 minum
1216 2244 1306 2305 coeci-

175 2327 229 2384 tas.
268 2321 334 2384 Hoc
351 2329 448 2384 anum
467 2343 584 2385 omnmo
624 2325 754 2386 'cendum
771 2326 835 2402 fuir,
853 2331 887 2384 ut
905 2323 1069 2384 scandulum
1088 2322 1202 2382 tolleret
1213 2319 1307 2382 Even-

81 2407 83 2413 '
195 2403 289 2480 suso,
319 2401 399 2496 quod
427 2403 524 2463 multis
552 2410 623 2466 tunc
646 2404 769 2466 obiicere
791 2410 905 2488 poteret
923 2401 1093 2467 ludaeorum
1117 2401 1307 2466 incredulitas.

226 2501 278 2542 um
296 2501 374 2542 emm
392 2487 505 2562 spretus
523 2500 558 2542 ac
575 2484 739 2564 repudiatus
758 2489 834 2546 meet
852 2482 887 2544 ab
906 2503 941 2544 es
996 2489 1053 2555 nte,
1073 2483 1120 2542 cui
1140 2481 1310 2550 nominatim

175 2562 334 2639 promissus
347 2560 454 2628 fueret:
474 2561 538 2640 quis
550 2561 633 2622 illum
646 2570 775 2645 putasset
788 2564 876 2624 totius
887 2583 956 2624 mun
977 2561 1221 2642 ‘redemptorem‘l
1239 2557 1310 2622 Ideo

175 2639 305 2703 videmus
324 2645 499 2721 qnnntopere
516 2641 549 2701 in
567 2639 621 2702 hac
639 2649 722 2724 parte
740 2643 850 2704 luberet
868 2641 983 2704 Paulus.
1028 2641 1181 2704 Caeterum
1199 2647 1259 2700 tam
1277 2643 1310 2702 in

175 2717 264 2780 verbo
284 2737 371 2800 mem
390 2720 420 2780 in
438 2720 556 2784 nomine
575 2719 672 2786 subest
690 2722 841 2805 emphasis.
881 2719 937 2783 Ubi
956 2723 1035 2804 prins
1055 2729 1116 2782 crat
1134 2719 1222 2782 Filius
1240 2718 1310 2796 Dei,

175 2797 245 2857 illuc
263 2818 329 2858 eum
343 2797 525 2882 Evangelista
545 2801 612 2862 dicit
631 2803 752 2864 venisse.
792 2801 823 2861 Si
863 2799 940 2862 ilicet
958 2821 1026 2883 ergo
1044 2801 1154 2862 novum
1169 2808 1199 2862 et
1211 2807 1310 2863 extra-

175 2877 348 2939 ordinarium
366 2883 543 2962 praesentiae
561 2879 690 2956 modum,
709 2902 768 2962 quo
788 2821 885 2942 sehhh

173 2955 236 3016 lum
254 2957 384 3018 homines
402 2961 552 3042 propriore
570 2961 675 3021 intuitu
694 2961 898 3042 conspicerent.
929 2957 1029 3039 Quum
1044 2961 1112 3022 dicit
1130 2969 1163 3022 to
1176 2983 1242 3033 suo,
1259 2960 1309 3020 lu-

175 3035 260 3096 daeos
275 3037 335 3098 aliis
346 3039 483 3100 Gentibus
499 3046 658 3120 comparat:
679 3042 747 3122 quis
762 3040 898 3121 singulari
906 3041 1057 3122 privilegio
1066 3042 1096 3100 in
1105 3035 1309 3104 Deiiantilium

173 3117 299 3199 coopteti
318 3125 408 3179 eraut.
449 3117 580 3180 Christus
599 3137 668 3199 ergo
687 3139 719 3180 se
732 3119 788 3179 illis
802 3119 896 3201 primo
910 3119 1013 3182 obhrlit
1028 3117 1307 3200 tanqunmdomesti-

173 3197 224 3269 cis,
244 3202 274 3256 et
292 3198 342 3276 qui
361 3195 497 3277 peculiari
515 3198 577 3256 iure
598 3197 635 3256 ed
653 3198 715 3256 eius
733 3199 885 3279 imperium
903 3198 1090 3281 pertinebant.
1118 3195 1229 3260 Eodem
1241 3215 1307 3278 spe-

174 3281 233 3334 ctat
256 3273 306 3336 illa
325 3274 382 3336 Dei
406 3276 584 3355 querimonia
607 3277 685 3356 apud
703 3277 835 3340 lesalarns
864 3277 923 3340 Bos
947 3279 1094 3362 cognoscit
1112 3296 1308 3361 possessorem

174 3369 273 3428 sunm,
296 3355 392 3414 asinus
416 3373 553 3436 praesepe
577 3355 685 3416 domini
708 3357 767 3417 sui:
797 3357 884 3418 lsrael
902 3365 999 3420 autem
1017 3377 1066 3422 rue
1082 3378 1143 3420 non
1162 3359 1308 3438 cognovit

174 3431 276 3507 (lest,
286 3433 329 3512 3.)
349 3432 489 3512 Quemvis
504 3435 580 3496 enim
594 3437 683 3498 totius
698 3435 774 3498 orhis
783 3423 886 3497 habent
899 3439 1059 3519 imperium,
1074 3443 1208 3496 solamen
1218 3455 1307 3514 pecu·

171 3512 271 3576 harem
280 3513 391 3574 Israelis
399 3511 558 3576 Dominum
570 3514 648 3592 facit,
667 3535 755 3597 quem
767 3517 847 3578 velut
861 3519 891 3578 in
905 3537 936 3578 sa
955 3535 1018 3576 rom
1032 3515 1108 3574 ovile
1122 3512 1284 3596 collegerat.

252 3595 300 3656 12.
333 3599 482 3692 Quotquot
501 3605 607 3658 osseo.
647 3593 691 3658 Ne
710 3615 784 3679 quos
803 3537 1006 3658 moreturhoc
1019 3592 1207 3669 obstaculum,
1226 3595 1306 3675 quod

172 3671 320 3735 Christum
327 3673 430 3743 Juduer
449 3683 561 3736 contem
584 3676 670 3736 serint
688 3695 723 3736 ac
741 3677 910 3760 respuerint,
928 3674 992 3756 pios
1012 3676 1063 3754 qui
1080 3673 1111 3732 in
1129 3673 1224 3754 ipsum
1245 3692 1305 3736 ure·

172 3752 244 3810 dunt
263 3771 349 3847 supra
369 3755 481 3816 coelum
496 3761 556 3816 atto
580 3755 601 3814 't
614 3753 804 3836 Evangelistu.
843 3754 925 3816 Dieit'
935 3754 1012 3817 enim
1026 3753 1084 3814 iide
1097 3752 1172 3814 hunc
1185 3753 1306 3835 gloriam

172 3848 321 3909 ccuseqm,
344 3838 378 3892 ut
400 3833 453 3894 filil
470 3833 528 3930 Dei
547 3841 724 3898 censeantur.
774 3835 813 3898 Et
832 3833 1020 3932 inuperticulu
1038 3831 1192 3932 unium
1211 3829 1305 3910 Quot·

171 3906 574 4054 utilitatibus
592 3911 1305 4077 isereluiustzzttlffigsss‘tlffi:

170 4071 216 4128 sta
235 4073 374 4130 mnhtum
393 4088 455 4132 esse
474 4080 595 4137 sortem:
621 4075 689 4155 quia
708 4074 987 4150 conuulsum,
1006 4074 1112 4136 Gentes
1130 4073 1162 4134 in
1180 4093 1303 4134 saeuum

169 4147 267 4209 locum
285 4149 445 4210 succedant
482 4153 599 4233 perinde
618 4160 662 4214 est
680 4155 757 4216 enim
776 4155 834 4218 acsi
851 4154 895 4216 ius
915 4153 1076 4236 adoptionis
1095 4153 1132 4216 nd
1151 4160 1304 4216 extraneos

171 4226 342 4290 transferret.
371 4227 435 4290 Hoc
454 4238 507 4305 est,
526 4231 604 4313 qnod
624 4233 691 4294 dicit
705 4234 822 4306 Paulus,
841 4235 987 4296 interitum
999 4235 1100 4318 populi
1114 4235 1199 4296 unius
1214 4233 1303 4293 vitam

171 4307 259 4366 totius
268 4308 707 4392 mundiluisse(Rom.1i‚12.):
721 4311 985 4396 qrisEvangelium
994 4313 1192 4378 rolutisbillis
1202 4311 1302 4393 expul-

169 4403 243 4462 sum,
257 4385 342 4470 longe
356 4389 471 4472 lateque
485 4409 537 4474 per
551 4398 647 4456 totum
661 4393 759 4458 orbem
767 4393 900 4476 dissipari
909 4394 1012 4476 coepit.
1032 4393 1074 4458 lta
1083 4391 1232 4478 privilegiu
1241 4411 1302 4474 quo

876 2882 919 2942 ‘us
932 2879 990 2942 Dei
1009 2879 1209 2956 manifestarit,
1227 2886 1261 2942 ut
1275 2881 1310 2940 il·
1377 2936 1380 2946 .
