2838 4848
155 223 214 289 134
545 215 585 280 IN
603 213 746 280 EVANG.
765 213 898 282 tostin

161 353 196 400 ac
212 335 314 402 molles
332 355 405 416 quas
424 331 543 394 deiectio
562 332 740 414 quorundam
759 325 800 392 sic
818 328 960 427 pmcellib
989 334 1022 392 ut
1043 330 1099 392 illis
1120 331 1288 398 cadentibus

162 417 247 478 simul
277 416 428 476 labescant
477 410 577 491 Quum
600 413 678 472 addit
695 411 875 492 Evangeluta
898 433 960 472 aon
978 413 1106 492 amplias
1123 415 1289 478 ambulasse

161 521 229 559 eum
240 499 364 569 ebrato,
383 489 522 573 significat
539 513 598 554 non
628 493 722 555 lenam
731 491 817 550 luisse
828 491 1006 572 apostasiam,
1026 491 1289 575 sedtantumquod

164 597 195 637 se
215 595 233 636 a
252 575 357 638 Christi
376 572 559 634 contubernio
578 515 776 633 subduxerint:
800 569 916 631 damnat
935 575 1029 630 tamen
1048 591 1098 631 eos
1117 575 1199 653 qnasi
1218 569 1295 656 apo·v

165 663 259 716 statas.
288 652 370 712 Unde
389 653 553 713 &cendum
573 659 693 728 estnon
712 669 797 732 posse
815 669 869 714 uos
887 651 977 712 latam
990 650 1093 732 pedem
1102 653 1290 730 retrocedere,

6 747 7 756 ’
119 809 124 826 Ι
166 735 235 817 quin
253 733 385 814 proclivis
405 732 442 792 ad
460 732 596 814 perfidam
616 730 830 810 abnegationem
848 730 945 812 lapsus
964 751 1017 790 nos
1036 739 1158 792 maneat.

66 1947 70 1977 ι
166 1921 269 1986 Petrus
287 1926 362 1986 sicut

41 3573 45 3582 ,
171 3519 292 3607 possunt
310 3513 414 3574 resolvi
434 3514 463 3574 in
482 3521 539 3575 tem

243 813 290 875 67.
310 816 399 874 Dixit
419 835 492 894 ergo
512 815 597 872 lesos
616 811 776 872 duodecim.
816 807 892 888 Quia
911 811 1035 892 gnaviter
1050 813 1163 872 macuti
1176 818 1291 894 poterat

164 891 369 973 Apostolorum
387 891 457 952 {ides
478 911 568 972 quum
587 910 618 950 se
636 909 674 950 ex
692 909 794 970 magna
807 889 892 950 turba
904 897 1012 950 restare
1027 893 1293 973 tampaucosvide-

165 979 244 1044 rent,
264 970 394 1032 Cbu‘stus
413 991 572 1030 sermonem
591 987 676 1030 suurn
695 969 731 1028 ad
750 989 800 1029 eos
818 971 972 1045 convertit,
991 969 1134 1051 docetque
1152 992 1212 1032 non
1230 992 1293 1034 csse

165 1071 279 1110 causam
298 1071 349 1110 cur
367 1071 398 1110 se
417 1051 537 1110 aliorum
553 1051 666 1110 levitate
681 1056 710 1109 et
718 1050 903 1110 inconstantia
913 1049 1003 1131 abripi
1012 1053 1114 1110 sinant
1134 1049 1210 1112 Nam
1223 1051 1292 1112 dum

164 1150 215 1190 eos
234 1138 331 1212 rogat,
355 1131 495 1210 numquid
513 1130 602 1202 velint
620 1129 676 1225 ipsi
695 1149 810 1208 quoqne
830 1129 985 1202 dissonare,
1010 1130 1047 1190 ad
1066 1130 1293 1192 confirmandam

165 1230 266 1270 eornm
284 1210 370 1270 fidem
388 1210 463 1270 lacit.
492 1207 572 1270 Dum
590 1228 667 1268 emm
686 1227 718 1268 ee
736 1209 791 1268 illis
810 1209 943 1290 proponit
957 1210 1033 1290 apud
1047 1229 1132 1290 quem
1146 1217 1292 1284 manunt,

165 1290 250 1349 simul
268 1290 399 1350 bortatur
419 1308 455 1350 ne
475 1307 506 1350 se
524 1288 641 1348 comites
661 1287 815 1369 adiungant
828 1289 973 1370 apostatis·
996 1287 1120 1350 Eicerte
1134 1287 1291 1349 siiann'·

165 1375 213 1428 sto
230 1369 348 1428 lundata
367 1370 420 1428 erit
439 1367 518 1440 sides,
538 1368 573 1427 ab
593 1366 754 1429 bominibus
772 1388 831 1428 non
850 1367 985 1452 pendebit
997 1388 1090 1449 neque
1104 1388 1231 1448 nuquam
1238 1375 1291 1428 'va-

165 1448 280 1523 cillabit
299 1449 409 1510 etiamsi
429 1449 540 1508 eoelum
558 1454 650 1508 terrae
669 1447 780 1518 misceri
799 1447 902 1508 videat.
926 1447 971 1509 Ao
985 1448 1293 1508 notandaestcircum·

165 1529 278 1603 stantia,
297 1519 375 1609 quod
390 1527 506 1589 Cbrisus
526 1526 658 1588 omnibus
677 1525 735 1586 sere
755 1525 899 1607 discipulis
913 1529 1042 1610 privatae
1056 1527 1294 1590 solosdnodeclm

135 1635 139 1644 v
165 1610 277 1680 retinet,
297 1608 418 1688 qualiter
436 1607 536 1668 Iesaias
555 1608 634 1690 prins
650 1607 746 1666 iussus
765 1606 858 1666 luerat
877 1608 1071 1668 testimoninm
1089 1608 1178 1688 ligare
1197 1613 1227 1668 et
1240 1605 1294 1667 Le·

166 1707 231 1768 gem
251 1687 397 1770 obsignare
417 1687 447 1748 in
466 1686 609 1766 discipulis
635 1685 700 1763 (les.
721 1687 750 1759 8,
770 1685 841 1766 16.).
881 1685 997 1748 Talibus
1016 1687 1155 1768 exemplis
1175 1687 1295 1748 docetur

75 1800 77 1808 '
165 1769 365 1910 ἻΨΨ
380 1765 645 1922 ΨξέἷΨέξΨέἐ
663 1765 928 1908 sulutem
943 1765 1294 1906 bbithtffi„

365 1871 446 1986 egpibi
459 1924 624 2006 respondet:
665 1923 712 1984 uia
726 1924 801 1986 idem
810 1926 1010 1986 eratomnium
1023 1945 1130 2000 sensns,
1148 1926 1203 1986 uisi
1253 1924 1295 1984 od

166 2005 197 2064 in
211 2004 280 2066 luda
298 2006 370 2064 nibil
387 2011 448 2066 erat
466 2007 615 2066 sincerum.
643 1943 737 2070 lona
756 2003 841 2065 buius
860 2006 988 2086 responsi
1002 2004 1060 2066 duo
1073 2011 1141 2072 sunt
1152 2025 1230 2064 mem
1249 2023 1295 2064 ras

124 2095 128 2102 '
167 2102 282 2145 causam
300 2088 375 2146 onim
395 2085 509 2148 adducit
527 2081 629 2146 Petrus
649 2099 701 2143 cur
719 2081 839 2144 libenter
857 2103 915 2144 nna
934 2104 1001 2146 cum
1020 2087 1079 2146 suis
1096 2084 1230 2146 fratribus
1249 2103 1297 2144 ac-

136 2228 141 2239 *
168 2165 293 2244 quiescat
302 2163 426 2238 Christo,
446 2165 519 2244 quia·
531 2164 593 2224 eiua
613 2162 772 2224 doctrinam
791 2162 844 2224 sibi
863 2163 1015 2226 salutarem
1033 2185 1067 2226 oc
1082 2163 1224 2224 vivificam
1233 2182 1298 2224 esse

167 2243 304 2304 sentiunt:
333 2245 433 2304 deinde
461 2243 566 2305 fatetur
589 2262 761 2324 quocunque
784 2262 816 2304 se
840 2243 987 2306 conferant
1018 2263 1054 2306 eo
1082 2243 1191 2318 cebete,
1222 2241 1296 2302 nibil

189 2330 278 2384 raeter
296 2329 418 2384 mortem
437 2343 498 2384 esse
517 2322 668 2404 reliquum.
718 2321 818 2402 Quum
842 2323 910 2384 dicit
932 2325 1017 2386 aeria
1034 2332 1130 2401 attae,
1153 2323 1296 2405 genitivus

167 2343 232 2462 loeo
256 2397 375 2482 epitheti
399 2403 530 2482 ponitur,
559 2402 638 2480 quod
656 2400 793 2462 Hebraeis
817 2401 950 2484 linquens
975 2409 1028 2464 est.
1075 2401 1187 2483 Insigne
1206 2421 1297 2484 porro

167 2477 314 2560 Evangelii
338 2483 513 2556 encomium,
543 2479 622 2558 qnod
646 2481 728 2541 nobis
752 2481 843 2542 vitam
861 2490 1007 2544 aeternam
1029 2484 1184 2557 ndnistrst,
1213 2481 1299 2542 sicuti

168 2556 276 2619 Paulus
295 2566 415 2620 testator
433 2579 494 2622 esse
513 2555 571 2618 Dei
590 2562 747 2640 potentiam
765 2561 796 2621 in
815 2561 936 2623 salutem
954 2564 1034 2638 omni
1053 2562 1179 2624 medenti
1198 2560 1298 2638 (Rom.

169 2639 270 2716 Mb.)
295 2638 431 2700 consuet
489 2637 564 2698 ‘dem
583 2637 683 2700 etlex
701 2643 799 2716 vitam,
818 2641 869 2702 sed
887 2643 954 2722 quia
973 2644 1074 2704 mortis
1092 2648 1224 2703 aeternae
1237 2660 1299 2702 rea·
1412 2645 1413 2648 ’

168 2725 233 2776 tum
261 2659 513 2797 transgressor-illlis
544 2717 704 2796 denuntiat,
733 2741 793 2782 non
860 2728 916 2782 test
944 2721 1022 2782 aliud
1160 2719 1298 2782 occidere.

168 2793 231 2858 Lon
250 2813 267 2854 e
286 2799 368 2856 aliter
385 2798 466 2858 nobis
485 2797 516 2859 in
529 2795 685 2877 Evangelio
705 2800 802 2860 vitao
825 2807 912 2872 citur,
931 2801 1000 2862 dum
1019 2821 1033 2862 a
1052 2803 1080 2818 ‘’
1145 2803 1231 2882 gratis
1244 2819 1299 2860 nos

170 2817 323 2936 εἰδίκῡοιιε
342 2877 504 2956 reconciliat
522 2885 640 2957 peccata
664 2897 724 2939 nou
746 2879 922 2961 imputando.
972 2880 1124 2942 Caeterum
1152 2880 1224 2941 nibil
1251 2879 1301 2940 bic

170 2953 287 3034 vulgare
305 2955 341 3015 de
362 2955 475 3018 Christo
486 2957 638 3096 praedicat
656 2955 773 3034 Petrus,
803 2977 894 3039 quum
917 2977 985 3020 eum
1008 2959 1113 3022 babere
1137 2961 1205 3020 dicit
1222 2968 1300 3020 ntae

170 3046 305 3096 estmoe
324 3038 426 3096 aerbo.-
455 3056 485 3096 ae
530 3035 586 3096 boe
604 3037 654 3098 nni
672 3037 715 3098 illi
734 3037 859 3098 vindicat
877 3045 1013 3120 tanpram
1032 3040 1194 3121 proprium,
1223 3039 1300 3100 undo

170 3115 299 3194 seqnitur
317 3115 387 3176 illud
408 3116 562 3178 secundum
581 3116 660 3196 qood
678 3137 770 3198 nuper
789 3119 838 3178 atti
859 3119 866 3136 ⁸
896 3117 1067 3199 simulatque
1085 3138 1104 3179 a
1123 3118 1236 3180 Cbn‘sto
1257 3117 1299 3176 di·

171 3211 295 3254 seessnm
319 3201 376 3269 est,
405 3195 510 3276 ubique
538 3202 653 3276 praeter
675 3203 798 3258 mortem
820 3139 891 3258 nlla
914 3217 976 3258 esse
999 3199 1152 3260 residuum.
1201 3193 1301 3275 Quare

171 3291 279 3348 omnes,
304 3275 357 3354 qni
379 3294 413 3335 eo
433 3277 567 3355 magistro
587 3295 647 3336 non
665 3277 791 3338 contenti
809 3277 846 3338 ad
864 3276 1013 3340 hominm
1031 3285 1192 3342 commenta
1209 3284 1302 3338 bans·

171 3351 280 3424 volant,
299 3361 396 3414 manet
415 3361 507 3416 certus
526 3355 665 3418 interitus.
1201 3394 1205 3409 ·

251 3435 299 3496 69.
339 3435 379 3494 st
398 3456 453 3496 noa
471 3437 655 3500 credidimus.
695 3433 790 3498 Verba
813 3441 888 3534 supi·
891 3439 1047 3578 praeteriti
1069 3438 1217 3519 temporis,
1246 3433 1298 3494 sed

163 3598 297 3669 uinterest.
328 3590 418 3654 Porro
437 3593 482 3652 bis
496 3535 595 3656 vell:
605 3514 1299 3676 dlddiesslrnnldadbludrdntdllldntdddlcdffioldlculilldl

172 3667 229 3729 Sed
250 3673 362 3732 videtur
381 3674 521 3734 consessio
542 3673 610 3733 baec
630 3675 699 3734 nibil
718 3675 755 3734 ad
774 3683 950 3756 praesentem
964 3695 1076 3738 causam
1089 3675 1191 3748 lacere,
1211 3693 1300 3754 quae·

173 3751 227 3807 stio
257 3752 331 3810 enim
361 3751 397 3813 de
421 3753 615 3812 manducanda
636 3753 744 3812 Christi
768 3773 852 3815 mmo
876 3763 956 3817 motu
980 3757 1080 3817 luerat.
1118 3752 1303 3834 Respondeo‚

172 3829 281 3887 etiamsi
301 3851 359 3891 non
378 3835 507 3912 protinus
526 3833 671 3912 assequuti
690 3834 747 3892 sint
762 3833 911 3896 duodecim
927 3835 1062 3924 quicquid
1075 3834 1209 3894 docuerat
1218 3829 1302 3892 Clui-

173 3909 243 3978 ⁸²¹¹&
269 3909 335 3966 satis
360 3917 455 3973 tamen
474 3930 536 3973 esse
556 3911 634 3991 quod
673 3932 706 3972 ro
725 3910 793 3972 fidei
812 3932 879 3974 suae
898 3914 1017 3976 modulo
1038 3915 1136 3975 salotis
1155 3919 1300 3974 auctorem

172 3982 308 4060 latentur,
321 4067 327 4080 Ι
339 4008 427 4072 seque
450 4011 502 4072 per
525 3991 621 4052 omnia
646 3991 653 4007 ⁸
677 3993 684 4008 ‘
705 3989 865 4054 subiiciunt.
906 3996 1051 4056 credenda·
1070 3991 1190 4054 verbum
1208 3991 1303 4088 priore

171 4061 237 4157 loco
281 4073 389 4143 onrtnr,
419 4073 486 4150 quia
511 4077 606 4132 rectae
628 4071 829 4153 intelligentiae
852 4074 964 4136 initium
988 4079 1033 4134 est
1050 4072 1119 4134 fidei
1137 4071 1302 4142 obedientia,

171 4161 230 4200 amo
271 4145 320 4204 des
339 4146 401 4226 ipsa
420 4168 488 4210 vere
507 4151 610 4212 mentis
630 4151 729 4212 oculus
748 4158 801 4214 est
831 4152 941 4214 Verum
961 4155 1098 4214 continuo
1117 4158 1185 4234 post
1203 4149 1304 4212 notitia

171 4221 327 4318 subiicitur,
368 4245 420 4286 nae
439 4228 526 4292 fidem
545 4230 580 4290 ab
594 4232 718 4294 erroneis
735 4231 897 4314 falsisqueo
918 4233 1062 4298 inionibus
1072 4231 1213 4294 discernit
1235 4227 1303 4290 Cre-

171 4300 246 4377 dunt
262 4323 339 4364 emm
384 4325 468 4368 urceo
487 4315 519 4370 et
535 4309 630 4371 ludaei
649 4318 680 4373 et
699 4309 840 4394 Papistae,
864 4253 917 4374 sed
934 4311 1008 4374 nibil
1027 4317 1135 4374 norunt
1153 4329 1246 4390 neque
1264 4314 1304 4370 te·

172 4388 248 4442 nent
275 4389 316 4444 At
334 4381 401 4446 iidei
420 4406 531 4453 annexa
549 4395 596 4451 est
614 4392 749 4474 cognitio,
767 4393 835 4474 quia
853 4391 936 4457 uobis
957 4399 1036 4458 outo
1055 4399 1088 4456 et
1104 4389 1219 4456 indubie
1238 4408 1306 4452 cou-
