2742 4856
530 235 658 302 CAPUT
673 233 756 298 xiv.

387 419 698 574 canon
759 481 881 572 xiv.

163 683 192 748 t.
213 659 353 747 Factnm'
369 687 417 745 eat
438 687 543 750 autern
565 660 694 763 inconii,
715 689 751 747 nt
773 679 867 747 simui
889 680 1039 749 intrarent
1054 679 1198 776 Synago·

75 811 144 880 gam
165 785 367 870 ludaeorum,
395 793 427 851 nt
448 783 673 876 ioquuerentur
694 786 748 870 sic,
769 795 806 853 nt
827 787 966 856 crederet
986 809 1099 886 magna
1121 789 1198 858 mul-

74 895 172 962 titudo
193 904 258 962 tam
279 891 465 959 iudaeorum
488 915 585 982 quam
606 891 764 960 Gentium.
808 892 840 960 2.
862 892 926 978 Qui
947 916 1024 961 vero
1045 895 1197 964 inereduli

74 1011 162 1069 erant
182 999 295 1082 iudaei,
315 998 504 1066 snsdtarnnt
525 1008 558 1066 et
578 997 692 1064 malitia
714 997 888 1068 iniecerunt
909 999 1032 1068 animoa
1048 1000 1197 1069 Gentiann

74 1117 180 1174 contra
206 1105 323 1174 statem.
371 1103 404 1173 3.
426 1101 564 1170 Multum
590 1126 665 1196 ergo
686 1113 814 1197 tempus
841 1105 955 1172 versati
980 1117 1071 1192 aunt,
1100 1108 1197 1176 confi-

73 1213 182 1280 denter
202 1233 238 1280 ae
259 1219 403 1302 gerentes
424 1209 458 1276 in
474 1208 632 1292 Domino,
654 1209 708 1300 qui
730 1209 947 1279 mennonium
967 1211 1117 1283 reddebat
1137 1237 1198 1284 aar·
1309 1223 1313 1226 ’

73 1318 160 1384 ιιιοιιί
186 1317 300 1408 gratiae
328 1337 419 1400 auae,
445 1315 523 1384 dana
550 1326 586 1382 nt
606 1315 692 1408 signa
715 1326 748 1384 at
768 1313 907 1410 prodigia
927 1316 1039 1386 fierent
1059 1343 1117 1412 per
1136 1344 1200 1388 ma

72 1447 131 1490 nna
163 1447 284 1492 eornm.
334 1417 367 1490 4.
394 1421 505 1489 Divisa
531 1432 581 1490 eat
607 1431 713 1490 autem
735 1421 894 1492 nultitudo
916 1421 1064 1494 civiinh'aa
1088 1435 1129 1496 'et
1147 1425 1199 1498 olii

73 1530 198 1620 quidem
225 1529 352 1598 stabant
372 1551 391 1596 a
410 1527 543 1611 ludaeis,
564 1527 615 1594 alii
636 1550 713 1596 vero
735 1529 775 1598 ab
795 1529 967 1622 Apoatoiia.

149 1715 177 1773 t.
197 1710 337 1772 Proximo
357 1710 450 1792 eapite
469 1707 602 1790 expoenit
619 1705 721 1782 Lnoaa,
740 1709 885 1790 quomodo
904 1725 985 1770 auam
1004 1727 1022 1770 a
1062 1709 1082 1771 d
1100 1719 1198 1793 gentea

68 1790 237 1872 iffltinnem
255 1787 363 1850 Paniua
391 1796 421 1852 et
439 1787 584 1849 Barnabas
602 1791 727 1870 aggreaai
746 1791 813 1849 aiat.
849 1785 942 1849 Porro
960 1787 1005 1849 ini
1038 1811 1060 1850 x
1078 1797 1108 1850 et
1125 1793 1200 1852 mala

68 1873 248 1952 auspicatum
275 1869 389 1930 initium
412 1869 504 1930 videri
527 1875 654 1951 poterat,
683 1869 761 1948 qnod
784 1887 844 1928 non
867 1867 954 1927 modo
973 1868 1126 1930 Antiochia
1149 1889 1199 1930 ex·

66 1949 159 2030 putat,
184 1949 237 2012 aed
261 1951 347 2010 etiarn
372 1946 513 2010 obatnna
538 1947 840 2046 querendam-malitia
860 1947 951 2007 eoacti
967 1947 1083 2044 fumat
1100 1949 1199 2030 pulvo-
1274 1999 1281 2012 .

66 2051 126 2206 tt:
145 2027 946 2248 tffssbtffitsslssssmmt't'tgsstff‘ffl
963 2025 1082 2166 titt
1101 2123 1119 2168 .

64 2209 167 2330 ddddr’o
180 2189 342 2351 ziglduddld
354 2193 466 2329 adrium
484 2267 522 2328 ad
540 2267 700 2355 doeendunp
718 2271 833 2349 paratoa
851 2266 973 2361 repieta,
992 2265 1043 2327 aad
1061 2267 1147 2328 anam
1162 2265 1200 2328 ad

64 2347 238 2410 certandum
262 2353 401 2423 armatae,
423 2353 457 2408 ut
479 2365 532 2432 per
554 2345 662 2408 medina
686 2347 836 2407 ooniiiotna
858 2363 985 2406 animose
1001 2351 1151 2427 pergerent
1169 2347 1202 2409 in

63 2427 244 2511 pnblioando
262 2423 343 2489 Bran
363 2425 431 2488 elio:
451 2433 567 2489 atcerte
577 2425 1010 2508 qnodaemelieremiaediotnm
1020 2431 1064 2485 eat
1082 2423 1199 2506 (1‚19.)

63 2509 179 2570 ennotia
199 2505 257 2566 Dei
275 2447 422 2590 propdetia
441 2513 469 2569 et
488 2507 624 2568 miniatn'a
642 2523 793 2569 eommnne
812 2511 870 2566 eata
910 2501 1080 2586 Pugnabant
1099 2511 1199 2567 eoam

62 2594 104 2664 te,
125 2585 178 2646 aed
199 2603 259 2646 non
277 2587 488 2668 praevalebant.
507 2585 568 2648 Iam
587 2605 759 2670 quoeunque
776 2585 852 2667 pniai
870 2583 993 2666 fugiant,
1012 2586 1134 2647 eandm
1153 2603 1197 2646 ae-

63 2685 136 2727 enm
156 2663 282 2725 afferunt
305 2668 391 2726 animi
414 2667 615 2750 praesentiam
639 2669 714 2728 ande
733 2671 851 2748 apparet
868 2685 927 2726 non
947 2663 983 2726 ad
1002 2683 1093 2728 nnnm
1111 2664 1199 2727 modo

61 2752 214 2807 nontamen
237 2744 324 2806 iniaoe
342 2747 509 2823 inatruotoa,
531 2747 582 2808 aed
606 2747 642 2808 ad
667 2747 830 2809 oontinnam
852 2745 996 2822 militiam,
1061 2747 1099 2808 od
1123 2763 1201 2806 anne

21 2829 24 2837 “
62 2825 252 2909 prosequitur
263 2822 363 2886 Lnoaa.
382 2823 480 2886 Primo
499 2835 595 2888 narrat
614 2827 742 2890 ieoninm
760 2827 882 2900 veniaae,
900 2833 931 2887 et
949 2827 1003 2888 aim
1053 2827 1200 2888 additnon
1259 2838 1263 2846 '

61 2905 1198 2991 qoaeeiaaeillieportnmaliqnem,nbitaeitiqnieaoerentmedaynagogamingrea-

65 3005 116 3047 aaa
133 2986 276 3057 emanti
286 2983 356 3044 nihii
365 2985 537 3046 incommodi
547 2990 784 3069 perpeaaieaaent.
799 2985 972 3048 Partianlnm
980 2991 1053 3050 omri
1066 2988 1097 3050 τό
1113 2987 1196 3066 oded,

65 3087 160 3148 quum
181 3065 298 3126 Graecia
322 3064 461 3143 significet
478 3065 573 3126 Simni
595 3067 644 3128 vei
667 3067 768 3128 eadam
786 3073 844 3126 tmn
866 3085 930 3140 aro,
954 3067 991 3127 ad
1009 3067 1128 3127 ludaeos
1146 3087 1199 3149 po-

64 3151 124 3208 tina
150 3163 242 3227 qnam
263 3144 300 3204 ad
318 3139 441 3240 Panium
465 3144 672 3244 etBnrnabam
694 3146 797 3208 refero.
841 3085 892 3205 dio
913 3147 924 3206 i
944 3143 1001 3207 itur
1018 3145 1200 3244 interpreter,

63 3225 240 3368 doofendddmdt
256 3223 763 3400 {ldebddx'dmddlmp'omnndnedindd
795 3223 861 3365 dddl
870 3232 1200 3386 oefflssuffltphffi

61 3387 206 3468 toqunma
225 3383 312 3448 tunae
330 3403 397 3445 oum
416 3384 515 3466 panoia
533 3383 709 3458 hominibna,
727 3385 778 3446 aad
789 3385 820 3445 in
832 3401 936 3466 magna
949 3385 1048 3466 populi
1063 3385 1196 3466 frequen

63 3469 121 3528 tia:
141 3487 205 3564 pao
225 3483 307 3526 anam
325 3463 459 3526 fidutiam
478 3470 507 3525 et
525 3464 618 3526 alaone
636 3465 761 3526 atndinna
780 3470 927 3543 tentantur,
947 3471 1058 3526 tantnm
1076 3463 1199 3528 abaetat

64 3547 210 3608 invidiam
234 3544 371 3626 fugitent,
394 3551 445 3606 aut
463 3544 621 3626 perieulum
639 3545 800 3610 formident.

151 3629 195 3687 Ut
220 3627 352 3686 eredmt
376 3647 492 3708 magno
515 3628 681 3689 mannum.
731 3623 980 3706 Quemadmodum
998 3621 1123 3710 Spiriint
1141 3623 1197 3686 vir·

65 3711 160 3766 tutem
181 3706 215 3766 in
233 3703 326 3765 Pania
345 3711 375 3766 et
393 3703 523 3767 Bernaba
541 3707 622 3788 priua
642 3706 767 3770 attendit
783 3703 886 3781 Lneaa,
914 3706 954 3768 ita
981 3723 1061 3770 nono
1079 3705 1198 3767 alteram
1225 3725 1226 3730 ¹

64 3783 124 3846 Dei
145 3784 272 3869 gratiam
289 3785 320 3844 in
339 3803 476 3866 proapem
535 3805 581 3848 em
599 3787 711 3884 experti
730 3793 797 3850 anat
814 3804 947 3849 anooeaan
968 3785 1079 3856 laudat,
1103 3803 1198 3866 neque

4 3889 5 3896 ¹
62 3867 144 3928 enim
161 3866 264 3928 froom
282 3866 375 3926 oaradt
394 3883 451 3925 nna
470 3884 564 3927 annm
582 3867 619 3928 ab
637 3870 692 3928 dlia
712 3867 808 3930 habita
823 3869 933 3942 oonm’o,
952 3865 1003 3928 aad
1020 3863 1128 3926 mnitoa
1147 3881 1196 3948 pe-

62 3941 332 4030 peritDeiffliaa,
355 3944 922 4032 tamexlndaeiaqnamexgentaitna
960 3943 1196 4007 Sinnnaetai-
1256 3949 1258 3952 ’

61 4033 110 4088 ter
129 4027 181 4086 vel
200 4024 286 4106 panei
304 4024 499 4100 oredidiaaent,
523 4027 621 4088 foiaaet
638 4029 696 4088 iam
714 4049 773 4091 non
812 4025 993 4090 oenttendnm
1011 4043 1115 4109 operae
1132 4043 1198 4108 pre·

62 4107 155 4178 tiam,
182 4103 234 4164 aed
252 4103 396 4164 Dominna
420 4103 505 4186 longe
527 4107 629 4167 metina
652 4129 703 4168 eoa
727 4129 762 4171 oo
846 4115 890 4182 at,
915 4107 984 4168 dnm
1000 4111 1062 4168 tam
1079 4105 1197 4168 uberem

61 4186 217 4247 doetrinae
235 4202 305 4245 anae
321 4183 447 4246 irnetnm
464 4193 522 4245 tam
543 4188 600 4247 oria
618 4195 763 4252 manante
782 4182 928 4270 dollignnt
966 4185 1102 4249 Soiebant
1119 4189 1197 4248 enim

61 4285 128 4327 non
147 4271 211 4326 tam
229 4281 303 4326 vooo
320 4283 387 4338 ana,
517 4205 641 4348 dpiritno
659 4270 766 4330 virtute
784 4285 921 4332 eonveraa
939 4266 1025 4330 iniaae
1043 4271 1088 4329 tot
1105 4266 1197 4328 homi·

59 4363 138 4407 num
159 4343 248 4411 eorda
266 4345 303 4406 ad
321 4343 387 4408 cred
443 4363 505 4422 nm,
524 4347 600 4408 nnde
619 4349 705 4410 enam
722 4355 847 4411 statuere
865 4353 1009 4432 poterant,
1032 4365 1064 4408 ae
1081 4351 1197 4407 extenta

57 4422 122 4487 Dei
143 4415 372 4510 mann'protefii,
391 4425 471 4507 quod
489 4426 525 4490 ad
544 4428 710 4494 sumendam
729 4429 861 4493 nondam
881 4449 940 4493 non
959 4443 1062 4512 parum
1076 4424 1196 4490 metat.

498 2193 710 2270 arepngnante
729 2205 833 2247 munna
852 2203 936 2248 anam
954 2191 1111 2247 exeroennt
1150 2185 1200 2247 Vi·
1303 2258 1308 2272 Ι
