2700 4844
388 245 393 255 «
471 220 609 285 nanu
627 221 742 288 xxvi.
823 207 832 226 ‘
1067 228 1180 294 ·aar
1303 255 1317 273 f·

48 338 202 399 residuum.
242 333 392 413 Quantum
412 336 447 396 ad
468 339 592 420 singulas
612 347 708 420 partes
725 346 851 420 apertat,
874 341 1046 403 illuminatio
1066 343 1105 407 aa
1124 342 1181 408 Dei
1246 415 1251 420 ,

48 419 178 482 notitiam
202 415 340 490 retertur,
365 417 433 495 quia
457 423 518 478 tota
542 425 639 480 nostra
663 421 837 500 perspicacia
861 441 940 481 mera
960 424 1133 486 est‘vanitas
1152 431 1183 485 et

49 500 154 562 denar
172 495 314 569 tenebrae,
335 494 428 555 donee
445 497 505 576 ipse
523 497 606 558 nohis
625 519 677 580 per
695 502 843 564 ventatem
863 521 944 560 auam
963 503 1107 583 affulgeat.
1129 501 1183 564 La·

34 581 107 642 ¹tius
130 583 209 657 patet
234 575 313 656 quod
341 575 441 635 deiude
461 579 603 656 sequitur,
633 583 941 642 cosmometra
960 585 1001 641 ad
1019 585 1126 644 Ιιισιιιιι
1153 583 1184 644 id
1278 623 1281 634 ,

1 675 3 694 ’
41 659 125 721 enim
144 656 187 729 tit,
207 675 298 736 quum
317 673 491 716 renovamur
511 658 612 736 spiritu
627 661 731 718 mentis
744 666 871 720 nostrae.
888 663 1063 741 Itaquenreo
1078 663 1182 734 iudicio

1 773 2 776 =
49 739 108 796 hoe
128 735 288 798 membrum
313 741 343 795 et
366 736 507 816 posterius
526 739 600 802 inter
614 757 645 796 se
659 737 828 815 cohaerent,
853 739 992 802 Converti
1011 749 1184 823 apotastare
1285 753 1300 798 ,¹

48 817 172 878 Satanae
191 815 228 874 ad
247 814 359 892 Deum:
380 813 497 874 diversis
516 815 591 876 euim
611 817 747 896 loquendi
766 819 865 880 soranis
883 821 1053 901 exprimitur
1071 822 1120 884 ιΊΙιι
1138 841 1183 882 re·
1224 853 1229 866 ·

47 899 181 971 novatio,
210 914 298 974 quam
321 894 412 954 fusius
437 894 562 956 declarat
580 894 687 958 Paulus
712 899 748 958 ad
772 897 796 958 E
819 899 878 960 hes.
898 905 933 975 2,
953 905 1001 963 10.
1031 907 1061 960 et
1075 901 1114 976 ι4,
1133 904 1184 964 23.
1282 959 1284 966 ,

48 976 187 1055 Sequitur
210 974 339 1034 remissio
352 979 557 1054 ‘penestarum
623 995 712 1038 unos
732 921 832 1038 stati)

48 1063 82 1114 ut
102 1055 246 1135 placatum
265 1051 347 1112 nobis
366 1059 397 1112 et
415 1053 572 1132 propitium
603 1075 654 1117 ore
673 1077 732 1117 non
752 1057 921 1121 tatianus.
960 1059 1088 1132 undam
1105 1079 1184 1122 eamr

47 1135 226 1214 plemeutam
250 1133 378 1192 omniurn
401 1134 520 1213 ponitur
544 1134 645 1196 ultimo
663 1137 728 1196 loeo
747 1140 824 1198 vitae
843 1140 948 1200 soitieet
967 1147 1098 1200 aeternae
1116 1139 1183 1204 tae

48 1213 162 1272 reditas
202 1212 355 1292 Perperarn
380 1232 439 1292 uno
464 1219 602 1274 eoutaxtn
622 1215 738 1296 qaudam
756 1217 868 1296 tegunt,
898 1217 974 1278 Inter
993 1217 1184 1278 sanetifieatoa

47 1309 102 1372 par
120 1291 215 1366 tidem,
233 1293 301 1371 quia
320 1291 460 1372 particula
478 1291 551 1354 haee
565 1294 603 1354 ad
617 1301 710 1356 totum
724 1298 908 1376 complexum
923 1299 1098 1358 extenditur:
1118 1297 1183 1358 ideo

52 1378 154 1430 seusus
173 1379 226 1446 est,
243 1371 301 1431 tide
319 1391 373 1431 nos
392 1374 490 1432 venire
508 1375 539 1432 in
558 1377 767 1454 possessionem
786 1376 928 1436 bonorum
947 1379 1090 1452 omnium,
1109 1395 1185 1456 quae

45 1470 102 1531 per
110 1449 296 1531 Evangelinm
316 1452 484 1510 offerantur.
504 1451 588 1512 Fides
602 1461 698 1514 antem
713 1457 827 1536 proprie
842 1455 972 1535 dirigitur
985 1458 1015 1516 in
1026 1455 1182 1528 Christum,
1245 1453 1248 1460 ’

49 1533 120 1609 qaia
138 1533 168 1590 in
186 1533 250 1610 ipso
267 1529 394 1590 inclusae
413 1536 482 1590 sunt
500 1549 600 1590 ornnes
618 1533 718 1592 salutis
732 1541 847 1596 normae
860 1541 965 1615 partes,
983 1555 1038 1596 uee
1051 1553 1100 1598 eas
1113 1534 1182 1597 alita

46 1628 137 1689 quam
156 1611 268 1690 inipso
289 1607 633 1690 qrraereraEvangeiium
652 1611 738 1672 iubet.
1186 1622 1189 1632 ’

142 1923 195 1990 19.
218 1923 322 2008 Unde,
337 1923 408 1992 Rex
419 1924 567 2017 Agrippa,
583 1950 650 1994 nan
666 1926 711 1993 [ui
722 1925 906 1995 inobediens
916 1926 1046 1994 eruesti
1056 1919 1185 2000 visioni:

47 2029 104 2097 20.
127 2029 192 2096 Sed
214 2029 283 2116 his,
311 2030 366 2120 q'ui
394 2043 468 2097 sunt
491 2031 637 2098 Damasei
659 2032 798 2123 primum
826 2041 859 2100 et
879 2031 1124 2123 Hierosolymis,
1152 2043 1185 2102 et

44 2160 107 2228 per
129 2159 259 2203 omnem
280 2135 443 2227 regionem
464 2137 612 2221 Iudaeae,
634 2137 747 2205 deinde
769 2148 802 2205 et
818 2137 972 2206 Gentibus
992 2139 1183 2223 annuntiavi,

48 2253 88 2309 ut
105 2241 326 2332 resipiscerent
336 2252 370 2310 et
381 2252 638 2312 converterentur
648 2243 689 2310 ad
700 2243 817 2327 Deum,
829 2249 927 2334 opera
935 2243 1083 2312 iacientes
1094 2244 1186 2336 digna

45 2347 270 2439 poenitentiae.
313 2349 366 2414 21.
384 2347 510 2414 Harum
532 2368 623 2416 eausa
646 2347 751 2416 ludaei
773 2372 825 2416 me
846 2349 880 2415 in
902 2349 1023 2440 templo
1046 2357 1185 2440 compre

49 2451 189 2521 hensum
215 2464 376 2522 tentarunt
401 2455 586 2523 interficere.
636 2455 689 2524 22.
716 2455 881 2522 Auxilium
908 2456 1002 2548 igitur
1028 2465 1138 2522 nactus
1165 2479 1190 2524 a*

47 2559 139 2643 Deo,
172 2580 275 2650 nsque
303 2560 336 2626 iu
363 2573 560 2649 praesente·
586 2559 675 2629 diens
698 2571 764 2644 sto,
796 2561 965 2630 testificans
992 2571 1069 2628 tum·
1085 2583 1184 2651 parva

46 2677 118 2732 tum
141 2687 265 2756 magno,
287 2665 365 2731 nihil
386 2666 470 2733 atiud
492 2667 607 2750 dicens,
630 2689 726 2758 quarn
749 2691 785 2734 ea
808 2691 889 2758 quae
906 2665 1083 2758 Prophetae
1099 2685 1184 2757 prae-

51 2771 215 2856 dixerant,
234 2771 337 2838 sutura
359 2795 437 2858 esse,
460 2785 492 2842 et
507 2770 629 2856 Moses,
669 2773 723 2840 23.
746 2797 786 2839 an
809 2793 958 2864 pessume
972 2773 1073 2842 ⁴inerit
1094 2763 1185 2839 Chri·

48 2889 128 2961 stns,
142 2901 191 2944 an
213 2877 335 2969 primus
357 2903 399 2946 ex
410 2880 640 2948 resurreetione
651 2889 850 2948 mortuorum
868 2879 977 2949 iumen
991 2881 1186 2949 annuntiatur

47 3007 104 3050 nas
127 2983 168 3052 sit
185 2985 309 3074 populo
333 2995 373 3070 et,
387 2985 549 3053 Gentibus.
575 2995 635 3076 [alii
654 2995 690 3054 al.
711 2994 839 3076 etquid.
860 2995 939 3076 met]
1080 2992 1082 2998 ’

131 3205 179 3268 19.
209 3203 293 3264 Nune
318 3203 442 3264 breviter
466 3206 614 3280 admonet,
644 3225 702 3285 qua
727 3206 845 3265 oonsilio
871 3206 1000 3286 retulerit
1023 3226 1091 3268 suas
1116 3227 1184 3270 uon·

48 3285 190 3343 versionis
213 3283 372 3343 historiam:
389 3284 458 3343 'hoe
477 3293 536 3358 est,
564 3291 597 3346 ut
621 3290 757 3344 testatum
780 3285 886 3345 taceret
904 3285 1050 3368 Agrippae
1073 3293 1102 3346 et
1121 3287 1189 3352 reli·

50 3359 131 3444 quis,
153 3362 247 3423 Deum
267 3383 297 3422 se
317 3361 421 3423 hahere
440 3372 586 3424 auctorem
605 3379 706 3424 eorum
726 3365 867 3440 omniurn,
887 3384 962 3445 qnae
982 3365 1136 3444 saerilegeii
1155 3373 1186 3426 et

49 3444 211 3524 apostasiae
250 3441 347 3502 ludaei
385 3443 564 3504 damnabant.
620 3441 776 3525 Agrippam
816 3446 984 3506 nominatim
1023 3463 1088 3505 eona
1109 3445 1209 3518 ellat,-

49 3525 119 3604 quia
147 3521 234 3583 Festo
263 3529 294 3582 et
322 3521 459 3582 Romania
489 3523 595 3584 sciebat
627 3524 739 3603 penitas
768 3525 898 3603 ignotum
927 3543 1003 3598 esse,
1034 3465 1107 3606 quii
1132 3524 1192 3584 sihi'

834 999 884 1044 eas
903 982 991 1062 gratis
1010 981 1185 1056 nouantur,
1283 983 1298 1008 ²

47 3603 138 3666 veltet
166 3603 296 3666 melenus
316 3604 397 3664 visio.
444 3601 505 3664 latu
524 3605 557 3662 in·
578 3601 640 3684 ipsa
666 3603 810 3664 doetrinae
834 3618 945 3663 summa
963 3603 1034 3664 nihii
1054 3623 1116 3664 esse
1135 3604 1192 3685 ap-s'
1287 3673 1290 3680 ,

48 3690 132 3765 paret
161 3683 308 3744 dissonum
337 3683 383 3744 vel
412 3689 555 3744 remotum
587 3680 704 3763 alege
733 3690 762 3743 et
791 3682 955 3764 Prophetis:
993 3684 1070 3744 unde
1098 3686 1186 3744 etiam

48 3763 169 3824 omento
195 3765 286 3823 maior
308 3763 446 3824 astruitur
468 3762 554 3836 tides,
583 3783 642 3843 qun
666 3761 741 3824 nihil
764 3763 867 3824 dooere
891 3766 988 3822 iussus
1009 3769 1054 3823 est
1077 3761 1186 3822 Paulus

47 3843 105 3903 nisi
134 3841 301 3922 Scripturas
333 3847 567 3940 consentaneum.
617 3842 810 3938 poenitentiae
833 3843 1007 3944 'adiungitur
1023 3841 1187 3938 eonrersip

47 3919 1036 4100 {tritttttt'ttt{¹¹t0ttmtttttt⁸⁶tttttt⁰¹t
1061 3921 1192 4098 ,iiiiii
1216 4041 1219 4047 ,

48 4079 312 4221 nvlreimesatlniiiteiiiir
330 4079 748 4233 1eihaisritaalthinhiiiriiiaaatiliaeoiii,
777 4081 867 4242 322³
884 4087 1187 4240 pappbmfflppauppppztpa

49 4245 99 4297 tur
117 4239 244 4300 seeundo
261 4240 327 4302 laoo
347 4241 465 4321 requirit
483 4239 605 4317 Paulus,
630 4241 786 4300 seeundum
811 4241 889 4300 illam
908 4241 1020 4301 loannis
1040 4239 1186 4322 Baptistae

49 4317 300 4398 exhaustionem,
321 4319 452 4384 Praierte
482 4321 592 4384 taetra
625 4319 726 4405 diguus
760 4321 943 4464 poeuilpptia,
997 4320 1058 4382 Itan
1093 4329 1188 4402 quum
