2818 4848
36 3755 42 3764 ’
145 3735 286 3814 rogandus
304 3743 347 3796 est

487 235 499 288 ᾗ
576 195 704 270 CAPUT
722 201 789 268 ΧΠ.
971 205 975 213 ’
1182 208 1243 276 249

110 317 812 386 nulurhssuoumiuriuuumulextermluare
837 318 1307 405 prosmttuageludosaa„

111 421 196 476 uam,
214 399 328 462 subm&
346 406 448 460 umen
466 397 577 478 aliquos
595 399 703 460 invenit
722 417 856 460 recessus.
880 398 922 461 lta
936 399 970 460 lit
984 408 1017 462 ut
1030 421 1094 462 suas
1144 403 1242 464 ardum
1320 411 1327 426 ⁸

115 483 248 544 stationes
265 479 372 542 habeat
389 477 471 552 lidus,
490 497 529 538 ue
548 497 665 560 prorsus
684 478 797 540 exsulet
815 497 835 538 a·
850 479 966 538 maudo.
1001 465 1100 542 l'ustie
1154 491 1244 544 etium

115 568 161 624 est
242 558 351 620 halica:
381 575 452 618 uam
473 557 629 618 iu'ordiue
670 559 811 638 ducipum
835 565 895 618 tam
919 559 1054 620 iulestum
1078 567 1107 620 st
1125 563 1244 644 capitale

112 639 194 702 Esau
241 639 258 656 '⁸
281 637 384 700 odium
403 642 475 711 erat,
504 641 539 696 ul
561 579 722 704 incredibile
741 642 814 696 esset
833 657 922 698 unum
942 639 1066 718 aliquem
1084 639 1142 700 illic
1159 660 1244 722 posse

71 749 81 765 κ
111 719 230 780 fidelem
248 717 383 778 inveniri.
418 713 463 776 bo
482 717 572 796 magis
591 716 753 778 admiranda
772 715 895 796 Spiritus
905 715 961 778 Dei
980 719 1072 778 virtus
1090 718 1152 792 luit,
1171 740 1245 800 quus

111 798 352 893 eoquaetraqit,
366 815 428 891 quo
444 793 539 856 uullus
559 814 689 856 secessus
708 793 833 892 patebat:
854 815 1017 892 quaqquum
1036 818 1094 892 uqa
1108 797 1161 858 luit
1175 801 1245 896 illud

119 1034 265 1117 perbiaua.
294 1031 508 1113 Quaredaffirile
526 1040 570 1094 est
590 1031 1037 1115 spontaneabauualitatcdomari,
1057 1036 1247 1118 quiusa-uqsu-

124 1116 170 1176 aia
187 1113 276 1174 iullsti
295 1113 343 1172 vix
361 1131 391 1172 ss
410 1111 539 1174 homiues
558 1131 620 1174 esse
638 1119 804 1193 sguoseuut.
845 1109 982 1192 Quisquis
1002 1133 1072 1195 ergo
1089 1117 1119 1174 iu
1139 1117 1247 1178 maudo

124 1193 250 1268 excellit,
266 1211 346 1254 susm
363 1192 586 1272 magnitudinem
605 1193 630 1254 si
648 1190 872 1273 sapiat.babcbit
889 1199 1065 1274 suspectam,
1093 1212 1130 1254 ue
1150 1196 1192 1258 illi
1210 1198 1249 1258 sit

126 1271 278 1334 obstaculo.
316 1269 419 1348 *Quod
446 1274 553 1334 nudos
575 1270 663 1334 luisse
687 1271 774 1345 dois,
796 1291 855 1332 uou
877 1272 918 1332 ita
946 1274 1067 1354 accipias
1092 1277 1174 1356 qussi
1197 1283 1250 1338 aas

123 1351 214 1414 maior
230 1358 282 1412 aut
301 1349 418 1412 dimidia
436 1369 502 1432 pars
520 1351 619 1412 luerit:
648 1369 714 1412 uam
733 1351 794 1412 aliis
813 1353 983 1432 comparati,
1008 1371 1130 1434 quorum
1149 1355 1249 1438 iugens

119 1438 185 1492 erat
201 1429 295 1502 turba,
314 1431 402 1511 paud
420 1435 513 1490 eraut:
533 1429 584 1492 sed
602 1429 687 1492 iidem
700 1435 781 1492 eraut
798 1429 890 1505 multi,
910 1433 935 1492 si
953 1432 984 1492 iu
1002 1439 1246 1513 computarentur.

121 1513 253 1592 Propter
269 1513 463 1572 Pharisaeos.
501 1507 657 1592 lmpropris
675 1510 755 1590 loqui
775 1509 893 1582 videtur,
912 1509 981 1570 dum
999 1509 1085 1570 fidem
1103 1531 1121 1572 a
1140 1515 1238 1576 coulss

122 1591 203 1652 sione
231 1595 356 1672 sepumt.
407 1585 501 1650 θοιᾶο
519 1591 597 1651 euim
615 1588 738 1650 creditur
756 1589 793 1648 ad
811 1589 959 1664 iustitiam,
989 1611 1039 1652 ore
1058 1593 1197 1654 eouiessio
1216 1594 1250 1656 fis

121 1668 162 1730 ad
181 1668 302 1730 salutem
321 1667 420 1747 (Rom.
442 1669 590 1747 10,10.):
610 1688 663 1732 uec
681 1667 743 1730 fieri
762 1673 854 1749 potest
874 1670 943 1748 quia
962 1668 1032 1730 fides
1051 1672 1080 1732 iu
1099 1673 1185 1734 eorde
1204 1693 1249 1734 aa·
1377 1729 1381 1742 ,

124 1766 213 1810 ususs
231 1749 375 1810 bunnam
393 1766 475 1808 suam
494 1749 628 1829 proferat.
666 1745 835 1828 Respondes
854 1747 901 1807 hia
918 1751 1021 1823 uetari,
1041 1759 1147 1830 quauta
1162 1753 1252 1830 luerit

126 1829 158 1888 iu
176 1827 234 1886 lllis
252 1825 317 1922 bdei
335 1825 509 1922 imbecillitas
528 1827 578 1908 qui
596 1827 675 1924 adso·
686 1827 833 1922 tepebant,
852 1829 899 1887 vel
918 1829 1012 1908 potius
1031 1829 1197 1928 frigebant·
1217 1832 1251 1892 lu

129 1905 677 2067 ffimstsltltttflltt
689 1907 853 2046 lldtll
871 1907 1254 2063 ltllllttalfflt:

131 2083 189 2146 qus
309 2067 410 2126 virute
427 2065 599 2146 praeditam,
618 2067 684 2146 qraia
703 2085 762 2124 nou
781 2063 829 2122 dat
848 2066 906 2124 suis
926 2063 1055 2126 Christus
1068 2067 1206 2146 Spiritum
1220 2071 1255 2130 ti·

128 2143 299 2221 morimmd
318 2146 499 2212 mudautiae,
518 2151 551 2204 ut
569 2145 656 2206 libere
675 2150 704 2204 et
722 2142 861 2222 intrepide
880 2142 1006 2204 eouliteri
1026 2146 1156 2220 audeaut,
1175 2149 1255 2227 quod

126 2223 248 2304 adipso
268 2223 435 2284 didicerunt.
475 2223 535 2286 Etsi
553 2245 612 2285 uou
631 2223 738 2286 arbiter·
761 2224 831 2282 istos
855 2241 971 2302 prorsus
990 2221 1176 2284 obmutuisse:
1205 2225 1255 2286 sed

127 2303 198 2404 qma
217 2323 276 2364 uon
296 2305 365 2364 satis
383 2303 504 2384 ingenua
522 2311 583 2364 erat
601 2323 700 2364 eorum
720 2301 869 2376 confessio,
889 2299 1255 2383 Evangelistamooiudicio

130 2383 298 2520 srmqlicitcr
315 2391 401 2464 negat
418 2401 499 2444 suam
518 2381 603 2447 fidem
621 2384 764 2465 professos
782 2399 853 2442 esse.
892 2381 950 2440 Ista
968 2383 1043 2442 cuim
1062 2383 1184 2464 legitima
1195 2392 1257 2448 erat

157 2483 172 2522 r
201 2463 291 2538 casio,
310 2470 344 2522 ut
381 2463 454 2522 alam
474 2459 590 2529 Christo
609 2481 714 2524 uouaeu
733 2461 842 2522 darent.
917 2481 984 2521 aare
1002 2482 1086 2524 neruo
1106 2464 1159 2524 sibi
1178 2464 1256 2526 blau·

134 2483 242 2618 guum,
261 2541 311 2622 qui
403 2543 433 2604 iu
451 2549 533 2624 parta
551 2545 620 2622 tegit
638 2561 672 2602 ac
691 2539 847 2603 dissimulat
869 2458 955 2602 figam
970 2561 1059 2616 suam,
1079 2563 1114 2603 ue
1133 2545 1257 2608 incurrat

135 2622 168 2682 iu
184 2620 332 2682 homiuum
351 2621 424 2683 odiu.
463 2619 538 2681 Nam
557 2623 739 2702 quaub‘uuvis
758 2621 887 2682 odiosum
906 2623 943 2683 sit
952 2621 1058 2685 Christi
1072 2643 1185 2698 nomes,
1197 2645 1258 2688 uou

134 2706 180 2764 est
199 2701 366 2762 excusabilis
384 2701 533 2776 timiditas,
552 2721 628 2782 quae
645 2701 681 2762 ab
700 2702 760 2762 cius
779 2699 954 2764 consessione
974 2703 1020 2764 vel
1038 2705 1186 2765 minimum
1209 2703 1272 2767 de-¹

132 2781 249 2843 uectus
275 2801 330 2842 uos
355 2783 441 2862 cogit.
491 2779 621 2842 Observa
644 2781 730 2841 etism
747 2782 841 2842 miuus
859 2800 922 2843 essa
939 2783 970 2842 iu
988 2783 1160 2864 principibus
1179 2785 1258 2846 tora-

134 2861 239 2922 tudiuis
257 2868 289 2922 et
307 2861 498 2938 coustantius,
527 2863 594 2941 quia
612 2859 672 2922 lere
695 2861 726 2922 iu
748 2861 804 2920 illis
828 2868 927 2943 regnat
949 2863 1080 2938 ambitio,
1108 2883 1166 2946 qua
1188 2865 1260 2928 nibil

134 2942 225 3022 magis
243 2943 348 3002 servile
366 2948 419 3003 est
431 2971 434 2978 ·
448 2940 546 3021 Atque
564 2948 598 3006 ut
615 2961 675 3001 uuo
693 2939 782 3002 verbo
801 2939 901 3016 dom,
919 2944 1023 3003 temni
1040 2943 1164 3006 bonores
1178 2949 1261 3025 quasi

135 3021 229 3080 surus
248 3021 433 3102 compedibus
451 3019 596 3083 homiuem
613 3020 634 3080 li
654 3027 718 3097 aut,
746 3039 783 3082 ue
806 3019 893 3080 bbere
917 3021 1042 3082 officium
1065 3043 1148 3084 suum
1167 3023 1260 3086 iaciat

138 3097 211 3178 Quo
229 3101 351 3178 seqmm,
365 3100 490 3161 obscuris
509 3106 539 3160 et
556 3041 688 3166 tenuibus
707 3119 769 3160 sors
792 3117 844 3162 sua
862 3099 975 3160 lereuda
994 3107 1050 3174 est,
1079 3103 1146 3182 quia
1165 3105 1262 3166 mullis

142 3178 246 3238 saltem
263 3180 390 3258 pessiuds
407 3179 514 3260 laqueis
533 3180 620 3244 soluti
639 3185 713 3240 suut
757 3177 876 3257 Magnos
894 3179 1001 3240 interea
1019 3187 1049 3240 et
1066 3181 1177 3242 nobiles
1195 3201 1262 3245 eum

146 3275 201 3316 sua
222 3257 323 3318 luctari
345 3258 454 3320 loa-traua
479 3259 572 3335 dmet,
600 3279 637 3320 ue
657 3260 737 3340 ipsos
760 3255 896 3338 impediat
920 3260 1071 3338 quominus
1095 3279 1127 3321 se
1146 3259 1264 3330 Christo

143 3335 322 3397 submittant.
345 3336 506 3400 Pharisaeos
525 3341 628 3400 terrori
646 3338 732 3398 luisse
747 3345 950 3398 commemorat
963 3337 1095 3400 loanness
1114 3361 1173 3400 uou
1185 3343 1264 3420 quod

140 3435 197 3498 per
215 3415 287 3476 alios
306 3416 407 3476 scribas
424 3425 453 3480 et
472 3419 631 3480 sacerdotes
650 3419 784 3496 cuiquam
801 3417 917 3496 impune
935 3417 1030 3478 bossut
1039 3418 1147 3478 Christi
1165 3439 1196 3478 sc
1214 3440 1265 3482 vo-

140 3515 210 3559 care
228 3494 411 3592 discipulum,
429 3497 480 3558 sed
499 3499 566 3578 quia
585 3496 638 3557 sub
657 3497 711 3556 aeli
730 3495 822 3577 specie
845 3497 1027 3638 imqotentior
1049 3499 1078 3557 iu
1097 3497 1157 3556 istis
1176 3497 1266 3562 isare-

139 3574 192 3636 bat
209 3578 335 3636 meritis.
373 3575 485 3638 Euboia
504 3577 620 3659 quidem
638 3577 729 3638 vintru
747 3581 791 3636 est
803 3581 875 3650 ¹tucn
896 3595 929 3636 aa
947 3575 1088 3655 religionis
1107 3575 1198 3638 aelus:
1217 3577 1269 3644 sed

142 3655 194 3716 ubi
210 3655 306 3716 subest
325 3655 494 3796 byqomsis,
511 3657 590 3718 nulla
608 3661 703 3738 potest
721 3653 790 3736 fingi
809 3657 1068 3751 pestis'uodeqtior.
1096 3655 1164 3751 Quo
1244 3663 1252 3678 ¹

144 3815 195 3874 m
213 3823 384 3876 mnam
397 3735 1139 3912 tttltsltttdltlllt'bltttttllss
1161 3753 1269 3904 til,

146 3891 275 3954 mtandss
291 3901 402 3968 metus,
421 3897 487 3976 quia
506 3899 586 3958 eaesi
605 3896 725 3956 fuissent
742 3915 760 3956 e
779 3917 931 3978 synagoga.
956 3895 1048 3956 Porro
1066 3897 1134 3957 laius
1152 3913 1271 3983 apparet

144 3979 252 4054 quauta
269 3975 306 4034 sit
325 3973 476 4038 homiuum
495 3977 629 4057 pravitas,
649 3995 721 4055 quac
741 3979 851 4056 optimu
868 3976 1061 4057 qrmequeDei
1075 3979 1269 4046 iustllutauou

139 4051 233 4114 modo
261 4057 422 4134 corrumpit
444 4062 474 4116 et
500 4053 651 4128 adulterat,
680 4056 730 4114 scd
753 4057 783 4124 iu
808 4057 948 4116 exitialem
971 4059 1149 4136 tyrannidem
1177 4067 1271 4126 vertit.

140 4132 414 4194 Excommauieatio
433 4155 538 4196 nervus
558 4155 620 4195 esse
640 4131 776 4194 debuerat
795 4143 909 4201 sanotae
928 4137 1104 4219 discipliuae,
1128 4148 1161 4202 ut
1179 4165 1292 4225 poeno.

137 4219 220 4274 esses
238 4215 268 4274 iu
288 4221 436 4308 promptu,
455 4217 478 4276 si
498 4217 562 4296 quis
582 4215 735 4275 Ecclesiam
754 4223 954 4278 contemneret.
983 4217 1072 4299 Atqui
1091 4241 1126 4280 eo
1145 4225 1273 4284 traducta

123 4293 248 4368 -baerat,
268 4300 313 4366 ut,
332 4296 461 4374 quisquis
481 4296 615 4356 lateretur
635 4293 861 4372 seesscChrisb’,
881 4298 1273 4362 asneistatslideliumexsu·

139 4373 232 4436 hrot:
252 4371 494 4454 quemadmodum
513 4375 598 4438 bodie
614 4373 693 4458 Papa
712 4375 748 4438 ad
767 4377 884 4442 caudam
903 4377 1081 4460 tyrannidem
1090 4381 1276 4470 memeuduu
