2716 4856
458 266 461 278 ,
490 155 620 264 saroa
638 202 768 268 svm
1103 217 1160 280 aa

125 345 174 418 ll.
196 339 255 417 llic
274 357 384 418 autem
405 299 568 420 nhbilitate
589 353 787 444 praestabant
808 355 891 424 inter
905 356 1161 430 Thessalonicen
1223 346 1227 354 i

41 479 104 538 ses,
135 453 186 546 qui
217 457 404 546 ieceperunt
435 480 618 526 sermonem
648 483 722 528 cum
752 461 839 528 omni
861 463 956 531 animi
979 466 1162 558 promptitu-

39 564 120 644 dine,
141 563 278 652 qnotidie
300 571 475 631 scrutantes
496 563 690 656 Scripturas,
718 591 757 634 an
781 568 859 637 haec
879 570 921 636 ita
943 596 979 640 sc
1001 572 1159 641 baberent

38 671 86 736 te.
107 667 147 734 Et
168 665 409 757 multi.qnidem
429 691 472 738 ex
493 669 554 738 illis
576 673 784 756 credidemnt,
806 685 839 742 et
861 701 989 768 graecae
1011 678 1159 746 mulieres

35 775 195 856 honestae,
221 773 254 857 et
274 772 334 840 viri
355 796 422 840 uon
445 778 554 866 paucis
600 779 652 848 13.
675 779 783 867 Quum
806 791 912 850 autem
934 779 1166 875 cognovissent

34 881 324 948 Thessalonicenses
352 878 472 964 ludaei,
505 883 592 973 qnod
614 895 647 952 et
668 883 809 954 Beroeae
831 889 1011 956 enuntiatas
1033 902 1118 958 esset
1138 913 1162 959 a

32 985 128 1053 Paulo
161 1007 265 1054 sermo
292 983 368 1068 Dei,
407 999 564 1055 venerunt
597 1000 630 1056 et
661 991 736 1060 illuc
768 999 1024 1064 commoventes
1040 996 1156 1062 turbas.

34 1088 84 1160 14.
106 1091 280 1184 Statimque
301 1102 377 1160 tune
391 1091 526 1162 Paulum
549 1096 720 1165 emiserunt
736 1097 854 1181 iratres,
876 1111 912 1168 ut
927 1100 1041 1173 iretad
1058 1127 1155 1170 mare:

31 1199 111 1266 Silas
141 1209 247 1269 autern
279 1208 311 1266 et
332 1197 521 1268 Timotheus
552 1215 770 1272 remanserant
799 1205 851 1272 ibi.
905 1207 953 1276 15.
978 1207 1078 1276 Porro
1101 1210 1156 1300 qui

29 1304 298 1395 prosequebantur
317 1303 460 1388 Panium,
483 1303 682 1375 deduxerunt
703 1333 777 1378 enm
788 1311 928 1379 Adrenas
951 1335 1063 1404 usque.
1108 1312 1152 1380 Et

27 1420 150 1502 accepto
172 1411 323 1504 mandato
345 1409 385 1478 ad
405 1411 505 1480 Silam
522 1416 560 1482 'et
575 1412 790 1498 Timotheum,
812 1427 849 1484 nt
870 1442 967 1514 quam
988 1419 1151 1491 celerrime
1175 1439 1181 1458 ⁸
1279 1464 1283 1472 ,

26 1516 187 1610 adipsum
212 1517 370 1601 venirent,
390 1518 523 1612 proiecti
545 1531 629 1590 sunt

99 1743 146 1806 11.
165 1742 332 1820 Nobilitate
346 1743 548 1824 praeeunt.
588 1740 672 1804 Redit
690 1741 783 1806 Lucas
802 1745 903 1806 iterum
923 1747 959 1806 ad
974 1745 1151 1808 Thessaloni·

25 1841 125 1884 nenses.
163 1821 304 1884 Discessu
321 1819 407 1884 Pauli
425 1821 515 1884 videri
534 1829 645 1904 poterat
664 1825 773 1904 sepulta
792 1844 855 1886 esse
875 1823 982 1885 Christi
1000 1829 1152 1891 memoria:

25 1909 49 1962 et
73 1899 149 1962 aert'e
171 1898 356 1976 mirumst,
379 1901 450 1983 illud
474 1901 634 1984 pauxillum
657 1901 730 1962 lucis
755 1903 833 1983 quod
851 1905 902 1964 vix
922 1905 1075 1968 emicuerat
1093 1921 1156 1970 non

25 1982 105 2042 luisse
129 2001 251 2064 prorsas
275 1982 464 2054 exstinetam,
487 1988 517 2042 et
536 2002 592 2041 nou
613 1984 757 2042 exaruisse
776 2001 862 2042 sanae
882 1983 1026 2042 doatnnae
1044 2003 1154 2057 semea,

25 2057 96 2141 quod
120 2061 236 2126 assidua
259 2061 422 2142 irrigatione
439 2054 520 2142 ‘opas
537 2059 666 2120 *babebat
688 2067 722 2122 ut
740 2069 877 2144 surgeret.
916 2061 1008 2144 Atqui
1026 2069 1093 2144 post
1111 2063 1163 2132 di·⁴
1229 2079 1231 2084 ·

66 2160 148 2202 soum
166 2137 265 2216 Pauli,
293 2136 425 2228 apparuit
450 2159 537 2225 qaam
561 2139 664 2200 ellicax
688 2147 717 2201 et
735 2139 858 2206 fecunda
875 2141 975 2207 inisset
993 2143 1060 2204 eius
1072 2161 1152 2224 prae-

46 2221 136 2286 eatior
168 2239 237 2287 nam
261 2223 312 2300 qni
336 2221 447 2300 pietatis
466 2225 579 2284 mutam
597 2219 756 2284 rudimenta
774 2227 971 2302 gustaverant,
1000 2219 1154 2304 proliciunt
1245 2223 1253 2232 '

25 2299 205 2366 nihilomiuus
228 2318 264 2360 eo
288 2299 417 2368 absente,
446 2305 477 2362 ct
495 2319 526 2360 se
545 2301 575 2372 ia
595 2301 729 2364 oonfinna
748 2299 911 2381 Scripturas
929 2303 1053 2362 lectione
1071 2321 1152 2364 exea·

25 2385 91 2441 aut.
131 2377 233 2446 Primo
252 2386 349 2444 autem
367 2375 536 2444 dioitLaoas
553 2379 641 2440 luisse
659 2398 709 2440 eos
728 2398 767 2440 ex
785 2381 924 2461 primariis
942 2382 1064 2448 familiis.
1093 2379 1152 2441 No-

25 2461 111 2525 tilitas
131 2457 210 2522 euim
229 2459 310 2524 cuius
329 2457 458 2524 meminit
481 2479 540 2520 nou
564 2457 600 2518 ad
625 2460 766 2535 animum,
790 2459 841 2520 aad
865 2462 902 2521 ad
926 2471 1039 2542 gentem
1064 2459 1151 2520 refer·
1210 2513 1212 2533 ,

25 2561 70 2601 ur.
92 2530 278 2622 Quibusdam
296 2555 341 2604 ma
363 2537 369 2552 '
405 2537 500 2620 placet
516 2537 689 2606 &osanam
708 2537 829 2604 conferri
847 2537 1168 2615 nemausiensibus,

25 2621 82 2718 pria
110 2611 318 2756 fdprvseitqqge
365 2617 425 2766 Ti'
453 2639 513 2723 nou
541 2619 571 2680 iu
599 2617 1012 2762 appquaiivodiqiyeaaa-eiwua.
1055 2619 1167 2762 lqqtqqi

25 2715 136 2848 hidbiid
154 2714 239 2842 lazzi
258 2715 364 2845 danii,
391 2717 774 2916 qadditeegorimpiinliiqliliie
794 2717 1151 2860 diildilaatT'pdlddriasTeT·

25 2859 106 2926 ninas
127 2853 281 2924 credidisse
299 2853 530 2933 Thessalonicae,
549 2865 578 2918 et
617 2857 682 2924 nius
702 2857 780 2925 urbis
799 2859 875 2919 cives
894 2859 1029 2939 postponi
1046 2859 1150 2925 heroe·

25 2937 130 3000 usibus
150 2932 298 3016 probabile
316 2957 377 3004 non
395 2937 517 3020 ridetur.
553 2935 671 3075 Triplex
690 2935 788 2998 antoni
806 2939 879 2998 ratio
899 2945 952 3010 est,
969 2957 1022 2998 ear
1040 2939 1150 3018 generis

25 3015 220 3080 naastantiam
244 3015 275 3074 iu
298 3015 354 3080 illis
377 3021 582 3084 commemoret
632 3035 709 3076 acas.
754 3017 867 3080 Scimus
891 3036 979 3096 qaam
1002 3036 1087 3099 aegre
1106 3037 1148 3077 ex
1239 3025 1245 3039 ¹
1331 3075 1332 3086 ,

25 3100 69 3159 lto
90 3078 270 3159 descendant
287 3091 426 3172 homiues,
446 3115 534 3174 quam
552 3113 650 3156 rarum
668 3095 707 3156 ait
724 3097 849 3174 magnis,
868 3097 918 3175 qni
936 3097 967 3154 iu
979 3097 1088 3158 maudo
1101 3114 1151 3159 ex·

25 3179 137 3248 ellnnt,
168 3171 314 3252 desposito
338 3173 414 3232 fastu
437 3173 533 3233 subire
558 3175 649 3234 erucis
674 3173 859 3254 ignominiam
883 3181 913 3233 et
936 3174 967 3232 in
990 3173 1151 3238 humilitate
1202 3251 1203 3256 η

25 3254 152 3332 tortari,
168 3251 252 3312 sicuti
270 3249 390 3312 laeobns
429 3253 701 3334 raecipit(t,10.).
740 3251 846 3314 Raram
865 3271 934 3332 ergo
953 3251 1076 3336 Spiritus
1094 3251 1154 3326 Dei

25 3333 177 3398 iiicaciem
201 3273 428 3406 commendatll

25 3413 167 3478 bstaoulo
190 3407 279 3470 inisse
297 3417 397 3492 negat,
423 3413 493 3492 qnia
512 3409 698 3492 Evangelium
724 3411 849 3494 amplexi
868 3431 929 3472 sese
949 3411 986 3474 ad
1006 3412 1151 3476 terendam

25 3513 130 3558 racem
153 3496 305 3572 pararent,
334 3497 364 3552 et
383 3489 491 3552 Christi
516 3491 703 3574 opprobrium
723 3491 897 3574 praeferrent
916 3491 1016 3558 mundi
1032 3493 1151 3632 pariae.

25 3572 152 3638 benndo
171 3577 310 3632 testatum
328 3569 411 3632 nobis
429 3571 522 3632 lacere
540 3569 743 3647 voluithuoas,
762 3569 868 3632 Christi
882 3573 1032 3652 gratiama
1065 3591 1150 3652 quos·

25 3659 51 3716 is
72 3651 195 3716 ordinas
214 3657 325 3730 paterer
355 3671 414 3732 qno
433 3671 519 3712 sensa
538 3649 608 3711 dicit
625 3648 734 3711 Paulas
758 3649 799 3729 (l,
818 3649 891 3712 Tim.
910 3657 946 3724 a,
964 3651 1027 3732 4.),
1054 3649 1152 3712 Deum
1270 3691 1272 3696 ,

26 3736 84 3798 elle
111 3747 217 3792 omues
240 3729 371 3798 homines
394 3731 489 3791 salvos
512 3731 588 3804 lieri,
607 3751 644 3792 ne
664 3751 803 3812 pauperes
823 3737 853 3791 et
872 3729 1001 3806 obscuri,
1021 3730 1153 3812 quamvis

25 3819 150 3896 ignatus
177 3827 228 3869 eoa
251 3809 337 3874 inerit
355 3809 487 3870 Christus
512 3811 607 3892 priore
625 3811 703 3884 loco,
733 3813 847 3870 ianuam
872 3810 1007 3873 diuitibus
1025 3809 1152 3892 praeclu-

25 3901 88 3956 ant.
110 3885 255 3957 Videmus
273 3909 342 3970 ergo
356 3891 443 3962 simul
456 3891 600 3985 aqgregari
615 3890 724 3950 nobiles
738 3897 767 3958 et
781 3889 916 3972 plebeios,
934 3890 1051 3952 honoris
1062 3887 1153 3970 marla

25 3974 197 4035 mactantes
221 3975 250 4029 et
274 3977 388 4042 contem
408 3977 453 4032 tos
476 3989 507 4029 m
527 3985 617 4038 auum
635 3967 778 4038 Eeeleeiae
798 3990 901 4051 corpus
921 3969 1095 4043 ooalmcere,
1119 3973 1153 4028 at

25 4071 116 4114 mnes
137 4047 177 4110 ad
197 4067 287 4118 mum
305 4069 368 4120 sese
385 3991 545 4123 humilient,
563 4047 621 4112 Dei
639 4069 708 4114 vero
728 4051 850 4132 gratiam
868 4049 1019 4140 extollant,
1055 4047 1153 4144 Tertio

25 4135 132 4194 idetnr
153 4125 247 4197 Lucas
266 4147 381 4190 cansam
399 4135 516 4206 namra,
540 4147 592 4190 eur
610 4135 670 4192 tam
689 4131 775 4199 multi
793 4131 977 4206 accesserim,
1006 4135 1094 4210 atqua
1113 4135 1153 4190 rta

25 4213 96 4274 rcvi
123 4215 318 4292 propagatam
335 4207 423 4278 inerit
440 4207 657 4290 Thessalonicae
674 4207 783 4276 Christi
803 4226 935 4306 requam
964 4227 1068 4306 nempe
1084 4209 1155 4290 quia

25 4291 92 4354 trud
119 4309 184 4362 non
208 4291 326 4371 uulgare
349 4289 553 4360 adminiculum
572 4290 640 4364 init,
669 4290 749 4386 quod
767 4288 896 4356 hommes
914 4289 1041 4372 primaria
1059 4295 1089 4352 et
1108 4306 1155 4370 ge·

25 4391 83 4435 ere
104 4369 234 4434 illustres
250 4371 329 4434 viam
348 4369 410 4432 aliia
424 4370 624 4446 monstrarent,
644 4389 713 4451 qma
727 4370 831 4451 vulgus
846 4369 1044 4452 utplurimum
1058 4375 1155 4430 ancto-

425 3351 506 3406 naas‚
525 3335 615 3414 quom
638 3335 699 3392 istis
717 3332 858 3394 nobilibus
876 3332 968 3392 camis
988 3331 1153 3414 dignitatem
