2742 4856
458 181 713 286 ommim
1098 233 1157 296 ma

53 337 159 400 rendere
177 334 251 399 soliti
269 333 504 419 quibus'possunt
518 335 1159 422 artibnsetlallnellsslmpllctnmoculosclan·

53 421 120 492 loot,
138 438 172 478 ne
189 423 321 476 exortum
340 418 462 477 iustitiae
481 417 570 478 solem
590 426 713 478 cernant.
739 418 815 482 Cum
834 421 937 482 talibus
950 425 1159 504 impedimentis
1200 490 1203 500 ,

53 499 120 558 robis
142 495 303 556 luctandum
327 503 383 555 est:
412 515 479 556 nam
503 503 618 557 utnon
641 517 752 578 semper
776 506 805 558 et
829 500 934 581 ubique
963 511 1077 582 praesto
1101 507 1159 566 sint

53 579 122 657 uagi,
141 577 187 658 qui
204 577 351 656 negotium
369 573 452 635 nobis
471 575 625 652 lacessant,
649 579 716 636 satis
740 579 829 639 multa
853 587 1037 656 avocamenta
1056 585 1159 664 ingerit

52 658 135 730 tutan,
155 673 226 736 qnae
246 661 355 714 mentes
374 661 486 716 nostras
505 663 646 735 occupant
665 656 700 716 ad
711 655 856 720 Christum
875 661 1036 736 arcendum,
1057 663 1159 742 quibus

52 735 205 816 excipiendis
232 735 315 794 nimis
340 741 471 815 prompta
490 740 534 794 est
552 754 632 794 caro:
658 735 780 816 denique
798 744 828 796 et
847 739 945 798 mundi
963 741 1110 803 illecebrae
1129 751 1160 804 et

51 817 119 874 rravi
137 815 224 874 carnis
243 819 356 873 nostrae
376 815 492 874 allectus
511 814 629 874 totidem
648 822 715 875 sunt
727 817 940 895 incantationes,
961 819 1160 900 quibuslident

51 895 127 954 iatan
145 899 269 954 evertere
287 912 346 952 non
365 892 475 954 desinit.

118 977 145 1035 ll·
166 973 271 1034 &olus
289 981 396 1046 nutem,
416 982 467 1055 qui
480 981 508 1034 el
519 976 642 1035 Paulus.
663 972 797 1035 Ostendit
806 995 883 1038 nune
892 974 993 1052 Lame,
1013 981 1159 1062 quomodo

51 1053 146 1112 rodurn
154 1049 231 1111 Dens
250 1049 401 1132 abruperit,
420 1050 647 1130 quoProconsol
665 1053 767 1134 ligatus
786 1061 857 1114 erat:
880 1075 946 1116 nam
966 1079 1158 1144 quummage

50 1134 123 1192 rimis
151 1137 221 1192 esset
245 1131 368 1208 deditus,
396 1151 456 1192 non
484 1138 597 1212 poterat
620 1139 756 1212 tanquam
780 1133 889 1194 solutus
915 1143 944 1196 et
967 1136 1039 1199 liber
1063 1157 1162 1203 veram

50 1211 192 1271 doctrinam
217 1209 363 1290 amplecti,
391 1209 548 1271 incredibili
571 1212 648 1271 enim
671 1211 757 1272 modo
777 1231 849 1292 qnae
867 1213 1031 1294 illaqueavit
1050 1225 1161 1280 mentes

50 1290 164 1350 liabolus
188 1288 241 1349 sibi
264 1290 439 1370 mancipatas
461 1295 552 1362 tenet,
581 1295 614 1350 ut
632 1310 650 1350 a
670 1291 836 1350 ertissimam
857 1295 1005 1354 veritatem
1023 1315 1082 1358 non
1101 1315 1161 1358 cer-

49 1375 119 1428 nant:
144 1369 190 1428 illo
209 1375 305 1428 autem
323 1375 467 1450 prostrato
486 1369 574 1430 suellis
594 1369 629 1429 ad
649 1311 854 1430 leoconsulem
873 1370 964 1432 Paulo
984 1373 1076 1436 aditus
1095 1377 1160 1438 tuit.

49 1449 164 1509 )bserva
193 1455 289 1509 antem
313 1449 392 1528 quod
414 1448 484 1510 dicit
502 1447 594 1508 bocas
642 1451 705 1510 dem
729 1457 831 1524 everti,
861 1471 952 1531 quum
980 1460 1162 1534 oppugnatur

49 1529 91 1588 )ei
111 1527 241 1586 verbum:
260 1527 337 1588 unde
356 1529 487 1608 colligere
507 1527 581 1602 lieet,
623 1527 687 1587 dem
706 1528 736 1593 io
755 1529 843 1588 verbo
863 1549 927 1592 esse
945 1532 986 1592 ita
1006 1532 1160 1608 fundatam,

48 1615 70 1668 rt
88 1605 191 1686 absque
210 1606 265 1701 bae
278 1605 389 1702 ⁸fultura
407 1607 745 1703 antecellet-impetus
764 1605 898 1684 labascat,
916 1609 975 1670 imo
994 1611 1065 1674 nibil
1082 1613 1162 1675 eliud

48 1706 97 1747 sse
114 1687 369 1836 pppnlr'lppprhpplpi
382 1686 463 1828 liolrlbl
482 1685 884 1829 lerbesbffigluebnbdesmntiae
894 1767 1162 1832 ardornontemere

47 1844 270 1926 »brepsitPeuloa
289 1845 398 1905 nullum
418 1847 494 1908 enim
511 1843 704 1926 proiecturas
726 1843 831 1920 orabat,
850 1847 874 1907 si
893 1847 1039 1910 moderata
1058 1857 1087 1912 et
1101 1850 1161 1932 pla·

47 1916 98 1984 :lda
118 1927 262 2000 rationed
282 1930 351 1984 eret.
371 1923 493 2006 Semper
502 1924 617 2006 quidem
627 1865 1008 2003 exorrlisnoumaitoctrtna,
1026 1929 1163 1990 monendi

47 2009 130 2080 itiam,
150 1945 282 2065 hortmli
300 2010 330 2064 et
348 2005 512 2064 stimulandi
530 2011 612 2077 suot,
636 2022 709 2084 quos
728 2004 855 2064 nondum
874 2007 985 2084 penitus
1005 2005 1162 2068 obstinatos

46 2105 98 2144 esse
118 2089 234 2145 constat.
261 2081 323 2144 Nee
341 2091 418 2146 certe
437 2082 544 2145 Paulus
562 2084 655 2166 primo
674 2083 770 2143 stabm
787 2083 914 2164 ingressu
933 2091 993 2145 tam
1012 2086 1163 2146 vehemen-

46 2185 79 2226 er
98 2165 127 2224 in
145 2177 260 2244 magum
279 2163 424 2224 fulminat:
444 2164 493 2224 sed
513 2163 562 2223 ubi
581 2181 648 2224 eum
666 2161 744 2224 videt
763 2163 910 2238 malitiose,
928 2171 958 2224 et
977 2183 1014 2225 ex
1033 2163 1180 2246 professo·

46 2263 101 2303 :um
131 2243 242 2324 pietatis
267 2243 395 2303 doctrina
419 2243 527 2302 bellom
540 2261 655 2324 gerere,
684 2261 743 2301 non
761 2261 843 2302 secus
862 2261 896 2303 ac
915 2241 1038 2309 Samnite
1057 2245 1163 2305 manci·

45 2326 113 2383 tium
132 2328 240 2384 tractat.
259 2321 310 2382 Sic
328 2342 394 2382 cum
414 2323 566 2405 deploratis
581 2321 726 2401 Evangelii
736 2321 863 2382 hostibus
882 2323 1032 2404 agendum,
1051 2325 1081 2383 iu
1102 2325 1162 2404 qui·

45 2423 88 2462 tus
108 2408 204 2540 aperta
223 2403 400 2462 contumacia
419 2410 448 2462 et
467 2403 571 2484 impius
585 2399 642 2461 Dei
661 2406 840 2481 contemptus
860 2401 1018 2483 seprolert,
1038 2421 1163 2484 presser-

45 2485 92 2540 im
112 2502 129 2540 o
151 2482 161 2540 i
179 2481 239 2542 aliis
256 2483 333 2542 viam
353 2481 513 2542 obstruunt.
532 2481 577 2542 Ac
595 2499 632 2542 ne
652 2481 715 2560 quis
755 2487 845 2540 racter
855 2481 971 2542 modum
981 2484 1165 2544 excanduisse

45 2560 158 2621 'aulum
176 2561 325 2636 existirnet,
344 2562 446 2622 diserte
455 2562 589 2642 exprimit
597 2559 699 2634 Lucas,
742 2559 842 2640 pinitus
856 2561 1165 2624 instinctumiltitutsse
1206 2625 1208 2632 s

45 2642 151 2710 lucem:
171 2659 258 2720 quere
275 2661 335 2702 non
353 2641 441 2702 modo
460 2640 677 2722 reprehensione
697 2645 775 2700 caret
788 2639 901 2700 hiereli
915 2641 1018 2718 fervor,
1038 2641 1164 2703 sedhor·

45 2719 146 2780 ibilem
170 2726 279 2780 metum
297 2722 425 2782 incutere
445 2719 529 2782 debet
547 2720 675 2802 prolenis
693 2717 750 2779 Dei
770 2719 1028 2801 contemptoribus,
1053 2723 1104 2802 qui
1122 2724 1164 2782 in·

47 2818 151 2880 urgere
170 2805 271 2860 contra
290 2803 350 2862 eius
369 2801 490 2872 verbum
508 2821 568 2862 non
588 2799 727 2873 dubitant,
746 2799 974 2880 quandoquidem
992 2801 1023 2860 in
1043 2821 1092 2862 eos
1104 2819 1164 2862 om·

45 2900 83 2940 tes
103 2897 164 2939 non
182 2879 218 2939 ab
238 2879 354 2941 homine
373 2881 501 2955 mortnli,
525 2879 575 2940 sed
601 2897 618 2938 a
638 2878 748 2959 Spiritu
768 2884 865 2938 saneto
884 2899 937 2960 per
956 2899 988 2940 os
1007 2879 1091 2942 Pauli
1110 2881 1164 2942 ler-

45 2957 160 3019 urbaec
179 2961 328 3020 sententia:
359 2957 507 3038 Quantum
527 2960 564 3018 ad
582 2956 670 3020 verba
689 2963 807 3037 spectat,
827 2957 908 3018 loeus
928 2958 976 3018 bic
994 2960 1098 3020 reletlit
1118 2979 1165 3019 co·

45 3059 96 3098 nm
116 3059 251 3114 errorem,
271 3037 449 3120 qoiSaulom
468 3044 572 3119 putant
589 3055 694 3096 nomen
705 3034 988 3096 sibiexProconsnle
1002 3037 1165 3118 sumpsisse,

45 3119 113 3198 prasi
133 3119 271 3179 victorine
288 3127 439 3200 tropaeum
458 3120 592 3256 eriperet:
611 3115 718 3176 multae
738 3113 852 3194 quidem
868 3117 978 3175 suntin
994 3117 1166 3176 contrariam

45 3204 141 3257 »artem
161 3199 285 3258 rationes
304 3206 333 3260 et
352 3201 420 3260 satis
439 3197 496 3258 vali
516 3209 559 3267 ae,
578 3214 679 3256 verum
699 3195 780 3253 loeus
800 3193 848 3252 bic
871 3212 945 3253 nnus
971 3194 1091 3270 sufficit,
1116 3191 1167 3254 ubi

45 3283 211 3338 lemonsbat
232 3275 324 3339 Lucas
348 3278 476 3339 nondum
499 3276 624 3337 adducto
647 3273 685 3332 ad
707 3271 793 3332 iidem
811 3269 987 3334 Proconsulc
1011 3271 1098 3334 luisse
1124 3273 1165 3332 bi·

45 3358 187 3418 ominem.
213 3354 274 3418 Nec
293 3357 410 3418 dubium
429 3363 481 3432 est,
501 3358 570 3436 quin
590 3353 693 3434 gentile
712 3353 786 3411 inter
798 3349 1030 3414 ludaeosnomen
1045 3353 1166 3426 retinue-

45 3439 83 3512 it,
114 3439 222 3496 sciuros
240 3444 336 3498 numm
356 3437 413 3498 hoe
431 3436 518 3496 luisse
538 3435 686 3504 usitatum,
717 3437 752 3490 ut
771 3432 821 3511 qui
841 3433 917 3492 cives
936 3439 1015 3494 erant
1034 3430 1166 3506 Romani,

45 3536 137 3576 ,omen
157 3517 275 3598 aliquod
292 3517 420 3578 Italicum
439 3520 646 3577 mutuarentur.
666 3510 829 3570 versutiam
848 3509 940 3572 Lucas
961 3511 1028 3572 dolo
1048 3514 1166 3572 coniun-

45 3599 79 3734 i'
101 3615 177 3678 ‘¹⁰²³
196 3597 349 3693 ‘lili
368 3591 1057 3736 tflttmtttntttstttttt
1072 3611 1167 3730 nn

59 3695 78 3734 e
102 3695 190 3736 sunm
208 3696 236 3736 m
257 3695 352 3738 emurn
396 3695 433 3735 oc
454 3697 465 3734 1
486 3693 506 3734 u
892 3693 901 3730 ι

45 3753 77 3814 el
87 3755 226 3837 simplex:
238 3698 524 3838 6qumquam-nomen
535 3753 685 3826 Graecum,
706 3769 765 3830 qno
781 3750 871 3810 utitur
882 3749 984 3824 Lucas,
1003 3753 1167 3832 promptam

45 3834 64 3893 d
90 3835 256 3898 nocendum
279 3836 426 3898 andedam
450 3833 600 3916 significat:
626 3831 676 3893 sed
695 3831 774 3912 prior
792 3827 958 3909 significatio
978 3827 1083 3890 melius
1099 3845 1167 3889 con·

45 3914 115 3973 enit.
157 3913 216 3978 Per
229 3917 336 3996 filium
358 3915 467 3977 diodoli
491 3912 657 3992 intelligitur
680 3909 769 3972 homo
793 3910 919 3990 perditus
939 3927 973 3970 ae
993 3909 1166 3990 deploratus.

45 3994 111 4054 ales
132 4001 203 4056 sunt
222 4015 331 4070 omnes,
349 3996 400 4076 qui
418 3991 558 4054 malitiose
577 3998 607 4050 ct
626 3991 706 4072 qttasi
727 3990 792 4050 data
812 4008 898 4070 opera
918 3989 995 4070 quod
1006 3991 1111 4049 iustum
1122 3995 1166 4048 sst

45 4095 57 4133 ι
85 4082 205 4135 rectum
230 4081 410 4157 oppugnant:
433 4073 498 4134 ideo
518 4069 630 4133 subiicit
653 4069 761 4131 Paulus
789 4087 905 4151 magum
928 4088 990 4131 esse
1014 4077 1166 4163 interiorem

45 4162 124 4216 mnis
148 4163 283 4220 iustitiae
815 4176 819 4185 ¹

105 4235 186 4298 Non
205 4237 316 4298 demota
334 4242 466 4297 comme.
486 4227 556 4292 Viae
565 4229 686 4291 Domini
704 4228 929 4312 appellattotam
938 4227 1087 4306 rationem,
1108 4245 1166 4310 qna

45 4334 76 4373 os
103 4313 144 4376 ad
170 4334 203 4378 se
221 4315 350 4391 deducit,
379 4313 454 4374 bane
476 4317 596 4372 testatur
620 4310 734 4390 planam
759 4327 821 4369 esse
845 4314 876 4369 et
897 4315 1017 4370 rectam:
1050 4325 1167 4389 magum

45 4400 124 4455 rtem
135 4401 263 4473 accuset,
283 4393 361 4478 qnod
371 4395 430 4456 suis
445 4387 784 4475 ambagibnsetstropbis
785 4407 857 4539 psam
867 4393 1036 4468 contortam,
1056 4389 1167 4450 llexuo·
