2786 4866
34 187 37 222 l

32 245 36 402 j
271 285 276 306 ,
421 291 425 300 ,
573 237 770 304 caelove
1050 171 1231 318 '⁸105

191 357 223 426 7.
267 353 367 424 Porro
389 373 495 448 sermo
516 351 577 421 Dei
599 356 770 440 erescebat,
802 367 835 426 at
856 357 1043 452 augescebat
1061 357 1153 430 valde
1174 387 1229 434 nu·

31 437 34 552 f
102 489 207 558 menas
224 459 450 554 discipulorum
464 455 708 552 Hierosolymisr
729 461 1005 556 multaque‘turba
1017 455 1228 537 'sacerdotum

29 656 30 668 χ
104 571 265 644 obediebat
291 565 376 637 lidei.
402 567 451 647 ⁴8.
483 563 663 658 Stephanus
683 580 793 640 autem
813 572 928 664 plenus
949 565 1015 666 lide
1033 582 1067 642 et
1087 575 1228 668 potentia

102 680 210 749 elebat
242 672 386 770 prodigia
412 681 449 740 et
466 670 558 764 sigua
583 698 697 768 magna
718 676 752 746 in
772 677 904 772 populo.
949 679 982 748 9.
1015 677 1229 756 Surrexerunt

28 805 30 816 ·
101 775 359 876 ευῑεω’,([υἱὰαιιι
381 801 424 848 ex
445 801 615 872 synagoga,
644 806 725 875 quae
746 785 916 855 vocabatur
938 782 1172 856 Libertincrum
1194 798 1227 858 et

101 889 349 985 Cyrenensium,
380 895 414 954 et
439 883 735 974 Alexandrinorum,
767 900 801 961 et
827 914 939 961 eorum
966 892 1023 984 qui
1050 915 1092 964 ex
1120 893 1226 964 Cilicia

105 1007 193 1068 eraut
214 1005 248 1102 gt
268 993 349 1078 Asia,
374 993 565 1085 disputantes
587 1013 661 1063 oum
682 995 855 1090 Stephano.
877 1055 879 1060 .
902 999 954 1068 10.
987 996 1031 1068 Et
1051 1021 1118 1069 non
1139 1011 1226 1093 pole.

104 1114 174 1172 rant
195 1099 359 1200 sapientiae
380 1099 532 1184 resistere,
553 1109 586 1168 et
606 1100 737 1193 Spiritui
758 1102 1045 1196 qoo'loquebatur.

182 1237 211 1301 7.
249 1233 519 1300 ΙίοιππΕοοΙωίήο
542 1235 716 1300 incrementa
733 1235 827 1302 Lucas
849 1239 1008 1320 praedicat,
1037 1261 1098 1324 quo
1122 1243 1225 1306 malim

28 1371 35 1393 ,
107 1321 136 1378 lu
156 1316 288 1378 contiuuo
308 1333 460 1398 progressu
478 1317 593 1400 gratiam
612 1324 641 1378 ct
659 1319 794 1380 virtutem
812 1317 870 1382 Dei
886 1319 1021 1382 illustret.
1068 1319 1133 1382 Hoc
1161 1325 1223 1404 qui-

104 1399 165 1458 dem
184 1399 241 1456 bur
260 1397 440 1478 praeclarum
458 1403 516 1459 erat
533 1395 595 1462 Dei,
609 1417 695 1480 opus,
722 1405 838 1481 repente
856 1405 888 1462 et
928 1401 990 1460 uari
1008 1408 1153 1462 momento
1172 1422 1223 1466 ex·

102 1480 214 1538 numm
238 1495 303 1537 esse
322 1475 486 1552 Ecclesiam,
514 1475 565 1536 aad
594 1475 650 1538 boc
677 1497 737 1540 non
759 1479 863 1543 minori
886 1498 904 1538 a
953 1479 1071 1540 ‘ratione
1095 1481 1221 1562 (lignum,

100 1557 176 1639 qood
196 1575 271 1638 opus
290 1575 308 1618 a
327 1575 358 1616 se
376 1555 536 1618 inchoatum
560 1559 634 1618 inter
652 1563 697 1618 tot
714 1556 861 1620 obstacula
880 1565 1047 1640 promovet,
1076 1561 1156 1640 quod
1173 1581 1222 1622 eo·

99 1657 163 1700 rum
181 1653 320 1703 uumerus
337 1641 468 1718 augetur,
479 1637 511 1697 in
531 1635 634 1718 quibus
652 1637 819 1714 minuendis,
838 1637 1039 1720 adeupootota
1057 1641 1145 1721 stirpe
1154 1661 1220 1721 pro·

100 1718 230 1798 stigando,
249 1716 375 1778 mundos
392 1721 535 1800 tantopere
553 1715 672 1778 laborat
697 1715 801 1798 'Quod
819 1717 895 1796 tica,
912 1721 1141 1782 manner
1158 1743 1222 1782 cre·

99 1807 185 1870 abre,
213 1815 315 1858 murus
338 1803 397 1870 ert,
426 1796 533 1880 longina
556 1796 643 1857 luisse
666 1803 863 1892 propagatum.
910 1793 1074 1878 Dupliciter
1096 1817 1221 1862 mesocru

102 1878 205 1938 elicitur
223 1895 318 1938 serram
338 1873 403 1948 Dei,
427 1877 578 1955 relcuom
597 1876 633 1937 ad
653 1890 714 1937 erus
732 1876 920 1938 obedientiam
939 1879 1008 1938 novi
1027 1877 1157 1958 discipuli
1175 1897 1221 1938 ac·

100 1957 215 2030 cedunt,
247 1956 295 2016 vel
358 1962 411 2018 out
455 1953 549 2036 obque
571 1961 702 2040 nostram
724 1956 760 2018 lu·
773 1975 810 2016 eu
828 1956 951 2038 prolicit
997 1954 1053 2017 Hic
1072 1957 1109 2016 de
1126 1957 1222 2038 priore

45 2081 53 2094 .
100 2035 241 2098 meandi
330 2057 349 2096 o
367 2035 427 2116 agit
471 2053 541 2102 acar.
590 2033 664 2096 Nam
680 2053 714 2108 se
732 2037 868 2097 contiuuo
886 2037 1103 2117 posteapouit,
1131 2057 1221 2116 quum

99 2117 135 2176 de
154 2135 274 2176 numero
294 2115 491 2197 discipolorum
510 2114 646 2195 loquitur.
695 2113 760 2176 Hoc
781 2122 877 2178 tamen
896 2115 962 2176 lidei
981 2122 1165 2195 augmentum
1182 2117 1221 2178 ad

97 2195 473 2276 unammbemreatriogit
507 2192 581 2256 Nam
598 2194 653 2256 etsi
672 2193 805 2256 cetthim
823 2202 867 2256 eet
886 2193 952 2256 alibi
991 2215 1087 2274 noque
1106 2215 1220 2275 sparsos

96 2277 185 2337 luisse
205 2275 372 2358 discipulos,
399 2274 507 2338 nullam
525 2282 620 2338 umen
639 2282 838 2358 praeterquam
856 2216 1061 2356 Hierosolymis
1080 2282 1142 2336 erat
1160 2295 1219 2336 cer·

96 2363 161 2418 mm
177 2375 292 2529 ms·
352 2399 448 2496 tortu.
482 2435 582 2515 Quom
604 2437 720 2532 propriu
738 2435 882 2518 loquendo
900 2433 1088 2498 fidcs'nostm
1107 2434 1220 2498 obediat

101 2512 251 2594 Evangelii
298 2515 434 2589 cuninae,
462 2524 554 2581 melon
575 2536 649 2576 mrca
672 2523 717 2578 ost
738 2515 886 2598 loquutio,
914 2535 1004 2596 quom
1028 2515 1096 2576 dicit
1114 2513 1218 2592 Lucas,

100 2593 242 2654 obedum
269 2593 343 2656 fidei.
389 2593 464 2656 Nam
484 2615 536 2680 pro
554 2537 611 2656 bei
636 2596 724 2656 verbo
751 2603 782 2658 ea
804 2597 865 2678 ipra
885 2595 1091 2656 Christianismi
1112 2595 1218 2678 proles·

98 2676 187 2746 sione,
206 2671 284 2736 Fidei
300 2693 406 2736 nomen
424 2677 531 2760 accipit.
569 2673 737 2736 Sacerdotes
756 2693 825 2736 vero
837 2675 1011 2736 ¹nominatim
1030 2675 1131 2750 refert,
1151 2677 1218 2756 glria

95 2761 131 2814 ut
158 2753 314 2838 plurimum
342 2755 453 2818 adversi
481 2762 573 2832 aaut,
601 2775 661 2836 qno
685 2756 775 2837 magis
797 2753 962 2818 admirabile
987 2755 1042 2816 init
1059 2753 1116 2816 llei
1136 2776 1218 2836 opus,

94 2833 276 2914 quorundam
296 2833 442 2909 ducant,
460 2837 563 2900 uadum
580 2837 737 2897 maltorum
753 2835 911 2898 conversio.
945 2833 1018 2896 ‘llao
1036 2833 1112 2896 enim
1131 2835 1218 2904 inall-

92 2916 202 2975 taliouc
220 2915 304 2976 initio
322 2914 493 2978 sororiabant
511 2922 610 2978 contra
629 2915 777 2976 Christum
800 2917 809 2975 i
830 2935 909 2992 som,
937 2914 986 2977 An
1009 2917 1160 2995 quiequam
1179 2933 1217 2976 ex

92 2993 291 3135 principibpph
287 2995 436 3056 cediderit
452 2997 482 3056 in
498 3015 573 3058 eum.
621 2993 681 3056 Sed
704 2993 788 3056 turba
844 3015 877 3056 ec
895 3013 969 3075 quas
987 3013 1047 3062 uou
1063 2997 1147 3058 novit
1164 2993 1217 3057 lc·

112 3093 128 3134 e
188 3093 235 3134 ma
283 3073 330 3134 'cti
348 3081 423 3136 suut

92 3093 205 3216 6111’8.
224 3157 502 3235 Steptoamoolm.
524 3152 697 3214 Hicnovum
705 3150 848 3214 Ecclesiae
866 3158 1007 3214 certamen
1016 3151 1109 3216 Lucas
1117 3153 1217 3214 refert:

94 3231 174 3292 unde
193 3241 311 3313 apparet
318 3232 465 3316 Evangelii
484 3235 602 3315 donam
619 3251 733 3314 semper
751 3251 819 3292 cnm
837 3251 921 3292 cruca
940 3239 970 3292 et
983 3234 1068 3292 variis
1083 3232 1218 3294 molestiis

94 3311 276 3410 cpnlpuclam
293 3313 388 3376 imaue.
427 3313 507 3376 Haec
522 3321 618 3375 aulen
636 3331 749 3374 summa
767 3317 819 3386 eet,
837 3312 868 3372 in
886 3329 1008 3392 persona
1025 3312 1110 3406 unius
1128 3310 1218 3372 bomi-

90 3389 1218 3550 lbttlllltlbltl“brnlmillblgnltll‘mll

89 3553 245 3612 saevirent.
293 3552 387 3615 Antea
410 3556 486 3615 enim
504 3554 578 3615 ultra
597 3571 738 3614 cancerem
758 3558 788 3610 et
806 3551 901 3630 virgae
920 3549 1061 3630 progressi
1079 3569 1138 3610 uon
1157 3549 1217 3610 lue-

87 3637 166 3690 rant.
207 3629 316 3694 Verum
335 3639 368 3696 nt
387 3636 508 3694 aciamus
527 3641 585 3694 lum
599 3635 633 3718 1⁵¹¹
652 3631 711 3692 vita
731 3649 818 3714 quam
841 3631 871 3690 in
890 3635 982 3690 morte
992 3627 1138 3708 Stephani,
1158 3627 1217 3709 glo·
1345 3689 1348 3698 ,

89 3709 236 3771 rificatum
255 3712 341 3773 foisse
351 3712 458 3775 Christi
477 3733 590 3788 nomeu,
608 3713 689 3772 initio
708 3709 777 3772 dicit
796 3708 888 3770 Lucas
927 3709 1024 3769 lenum
1043 3708 1099 3769 lide
1118 3715 1148 3768 et
1167 3729 1217 3789 po·

87 3791 180 3850 tentia
198 3789 294 3852 bime.
324 3790 394 3872 Quo
414 3793 551 3876 significat
568 3794 706 3875 insignem
724 3791 812 3852 luisse
830 3789 891 3851 eius
901 3729 995 3863 boam,
1013 3795 1044 3849 et
1052 3789 1217 3848 excelluisse

85 3869 295 3933 miraculorum
314 3873 428 3934 virtute.
458 3871 485 3934 N
542 3875 653 3934 cenim
671 3871 848 3954 imaginando
858 3875 902 3930 est
910 3869 976 3930 lidei
986 3867 1131 3950 perfruita,
1151 3868 1217 3948 quia

106 3949 193 4010 lenus
212 3949 270 4012 fide
289 3951 412 4014 dicatur:
441 3953 493 4014 aed
538 3957 565 4014 'c
583 3973 646 4014 mor
665 3951 695 4014 lo
736 3951 800 4010 endi
818 3949 982 4031 Scripturas
1001 3969 1060 4008 nou
1078 3954 1124 4008 est
1141 3950 1216 4010 inso-

82 3969 162 4103 feus,
181 4027 288 4092 Plenus
308 4049 411 4094 vocare
429 4031 486 4094 Dei
505 4034 601 4108 donia,
631 4034 680 4114 qui
700 4031 754 4090 'lia
773 4029 884 4093 abunde
903 4028 1021 4110 praediti
1039 4035 1114 4089 suut
1154 4031 1217 4090 Po·

80 4117 213 4170 tentiam
231 4129 287 4191 pro
305 4111 440 4174 facultate
458 4114 559 4174 edendi
578 4112 712 4174 miracula
731 4113 792 4172 siue
811 4108 1002 4170 controversia
1021 4110 1137 4190 accipio.
1171 4105 1216 4170 Fi-

81 4189 139 4250 des
160 4209 220 4250 nou
238 4190 326 4256 mollo
345 4192 543 4274 intelligentiae
561 4193 682 4268 donum,
710 4191 761 4254 sed
783 4190 837 4252 aeli
856 4207 971 4274 quoquc
989 4187 1121 4250 ardorem
1139 4209 1216 4250 oom-

104 4268 250 4330 rebendit.
299 4269 364 4338 Hac
407 4275 556 4334 raeetantia
581 4293 670 4354 quum
694 4269 805 4332 celebre
828 4275 902 4332 coast
920 4271 982 4330 cios
1003 4289 1122 4345 nomen,
1151 4269 1217 4329 iuda
1266 4311 1271 4322 .

81 4289 199 4410 Factum
218 4357 263 4412 eet
281 4357 315 4411 ut
333 4292 486 4434 impborum
505 4354 596 4414 rabies
615 4375 673 4414 uuo
694 4352 775 4434 quasi
793 4351 903 4433 impetu
920 4351 951 4411 in
970 4369 1036 4409 eum
1055 4369 1137 4410 versa
1156 4349 1216 4407 lue·

82 4427 137 4488 rit.
179 4427 255 4494 mm
279 4437 367 4513 prout
390 4449 424 4496 se
440 4435 546 4498 merit
563 4452 598 4497 au
616 4433 727 4518 protest
742 4433 788 4495 ria
811 4437 841 4494 et
859 4431 949 4514 gaba
967 4429 1104 4513 spiriac,
1132 4425 1217 4499 amul
