2754 4864
523 221 654 286 CAPUT
671 221 746 284 vlu.

385 518 693 610 CAPUT
753 523 870 611 Vlll.

157 714 184 780 1.
216 711 312 780 Facta
334 721 384 780 est
404 721 511 780 autern
531 711 586 781 illo
608 713 660 782 die
680 709 884 808 persequutio
907 741 1018 810 magna
1040 720 1190 790 adversus
1224 751 1231 774 ·

74 817 257 901 Ecclesiam,
295 841 377 908 quae
410 829 476 885 erat
507 816 744 911 Hierosolymis.
809 821 917 914 ltaque
955 823 1085 916 dispersi
1117 838 1191 894 sunt

74 947 178 990 omues
198 945 255 1014 per
275 923 419 1014 regiones
441 923 572 992 Iudaeae
600 935 632 993 et
653 926 825 1010 Samariae,
858 937 980 1019 praeter
1008 929 1189 1022 Apostolos.

74 1033 106 1098 2.
137 1027 285 1096 Curamut
305 1039 412 1096 autem
434 1053 497 1097 uua
520 1029 717 1122 Stephanum
738 1032 797 1102 viri
822 1032 971 1124 religiosi,
997 1047 1030 1104 et
1050 1035 1191 1106 leserunt

74 1137 225 1226 planetum
253 1157 402 1226 maguum
434 1158 531 1226 super
561 1159 645 1204 eum.
698 1137 730 1204 3.
763 1137 880 1206 Saulus
912 1149 1018 1208 autem
1050 1142 1191 1210 vastabat

73 1239 252 1322 Ecclesiam,
278 1237 454 1332 ingrediens
482 1241 596 1310 domos
619 1251 651 1310 et
672 1241 745 1310 iude
766 1243 893 1334 uadens
914 1243 1000 1312 viros
1020 1269 1058 1314 ac
1078 1247 1190 1316 mulie·

72 1370 134 1428 res,
158 1343 294 1412 tradebat
320 1343 353 1415 in
381 1345 563 1426 custodiam.
619 1341 650 1416 4.
683 1345 731 1416 illi
758 1357 863 1416 autam
891 1347 1021 1440 disperu‘
1047 1375 1189 1444 peragra-

70 1452 155 1534 bant,
175 1449 393 1517 annuntiantes
416 1473 596 1520 sermonem
618 1451 689 1522 Dei.

144 1615 171 1674 1.
209 1609 242 1670 lu
261 1609 315 1670 hae
334 1610 450 1672 historia
469 1614 592 1693 primum
612 1614 770 1676 ostenditur
791 1616 904 1696 piorum
928 1617 1052 1678 eonditio
1074 1613 1102 1678 in
1132 1617 1191 1680 hoe

68 1691 186 1764 mundo,
213 1709 316 1770 nempe
340 1691 417 1770 quod
442 1693 501 1754 siut
524 1694 604 1754 velut
625 1713 695 1754 ores
717 1695 879 1755 maurosus
907 1695 1077 1771 destinatae,
1106 1699 1189 1759 sicuti

67 1773 98 1832 iu
121 1769 232 1831 Psalmo
255 1769 309 1846 44,
328 1773 376 1833 23.
401 1770 537 1844 habetur,
565 1792 600 1833 ae
623 1775 787 1855 praesrtim
813 1773 860 1834 utri
889 1772 1032 1835 Dominus
1060 1776 1189 1838 ausuum

66 1851 175 1912 frenum
194 1849 286 1924 laxat,
316 1857 348 1909 ui
371 1857 536 1932 eouoeptarn
562 1854 648 1912 animi
670 1853 815 1914 saevitiam
839 1855 956 1933 exsequi
972 1856 1091 1938 possint.
1131 1855 1190 1917 Ex-

64 1933 121 1991 itus
139 1929 240 1990 deinde
257 1931 510 2024 pemepuotiouum
529 1931 701 2006 oatmditur,
773 1931 811 1990 od
835 1933 940 1991 aoilioet
962 1933 1034 1992 adeo
1057 1953 1115 1994 nou
1141 1934 1188 1992 ab·-

64 2007 367 2150 illudunt
384 2009 1082 2168 illuuutttatszttutt‘lutt
1101 2011 1189 2151 dili

64 2170 159 2229 urtrun
178 2169 245 2239 luit,
265 2167 343 2248 quod
361 2168 512 2249 disperio,
536 2171 617 2230 ouius
636 2167 888 2242 inminutum,
917 2169 1023 2228 multos
1041 2171 1092 2250 qui
1111 2171 1190 2250 prius

63 2249 177 2308 alienati
196 2265 213 2308 a
232 2247 297 2308 Deo
316 2247 429 2308 uanus
457 2249 487 2308 iu
510 2247 583 2310 ‘lidei
613 2251 749 2310 nudatam
777 2247 929 2328 eollegerit.
968 2245 1052 2309 Nune
1079 2249 1191 2330 singula

61 2329 163 2390 erdirre
181 2327 383 2408 expandemus.

142 2407 202 2470 Illo
226 2407 279 2468 sita.
318 2405 431 2466 luitium
452 2422 468 2466 s
492 2404 640 2490 Stephano
664 2405 742 2467 iuita
765 2405 831 2466 iude
859 2421 977 2467 amensa
1005 2405 1096 2470 rabies
1125 2425 1189 2488 pros

60 2488 173 2547 miscus
189 2485 222 2546 iu
239 2505 337 2546 omues
355 2486 469 2546 exarsit.
507 2485 551 2546 lm
571 2487 591 2546 ii
619 2485 695 2546 euim
723 2506 783 2546 uon
812 2505 894 2546 aecus
922 2505 957 2546 ao
985 2485 1061 2546 ieras
1085 2486 1191 2547 bestiam

60 2571 210 2648 gustatum
228 2567 390 2646 sauguinem
408 2568 500 2626 mutto
519 2567 631 2626 aradiua
648 2571 797 2646 expetunt,
815 2571 845 2624 et
864 2566 932 2647 ipsis
950 2565 1083 2626 caedibus
1101 2567 1192 2646 magis

62 2665 101 2706 ae
120 2645 211 2724 anapia
229 2647 386 2706 efferantur.
426 2643 515 2706 Satan
534 2647 610 2706 enim
630 2647 721 2704 omnia
740 2647 873 2706 saevitae
892 2651 973 2726 pater
990 2646 1054 2705 illos
1072 2646 1191 2706 innoxio

59 2727 202 2804 sanguine
220 2724 342 2784 imbutos
361 2725 483 2804 primum
505 2724 685 2784 humanitatis
705 2743 789 2784 seusu
807 2725 902 2784 eruite
927 2724 1026 2785 deinde
1051 2727 1127 2785 sitim
1148 2727 1191 2786 iu·

57 2803 233 2885 explebilem
252 2805 281 2864 iu
301 2804 370 2884 ipsis
389 2805 512 2864 usitat:
542 2803 609 2864 hino
628 2805 745 2864 violenti
764 2805 812 2864 isti
830 2805 867 2864 ad
885 2804 1083 2866 trucidandum
1101 2806 1190 2885 impe

55 2891 122 2956 sus,
144 2890 178 2944 ut
196 2882 284 2944 semel
302 2885 397 2944 exorsi
415 2901 561 2963 uunquam
581 2891 682 2964 sponte
702 2884 839 2944 desinent.
879 2883 962 2944 Adde
980 2883 1073 2964 quod,
1101 2903 1191 3022 ἔξω

55 2966 181 3042 impune
205 2963 325 3023 uooendi
349 2961 422 3022 laeta
446 2970 491 3024 eat
514 2971 654 3044 potestas.
683 2981 816 3024 suooeasu
844 2964 907 3042 ipso
935 2966 1038 3023 erescit
1065 2982 1102 3022 au
1138 2964 1191 3036 eia,-

56 3049 92 3102 ut
113 3043 206 3122 magis
225 3044 444 3122 intemperanter
462 3049 561 3118 ruant,
581 3041 658 3124 quod
678 3043 764 3101 etiam
783 3047 863 3102 notat
881 3038 990 3115 Lucas,
1014 3061 1104 3135 puram
1124 3041 1193 3100 dieii

53 3144 206 3202 magnum
235 3121 321 3182 luisse
350 3123 608 3203 persequutionem.
647 3117 730 3180 Prius
761 3127 836 3180 certe
863 3137 922 3178 nou
951 3139 1067 3179 omnmo
1091 3119 1192 3256 ¹quieta

54 3207 124 3260 erat
144 3199 271 3262 Ecclesia
290 3219 382 3281 nequa
402 3199 438 3262 ab
457 3199 651 3281 improborum
671 3199 823 3258 vexatione
840 3199 989 3268 immunia,
1017 3197 1068 3256 sed
1109 3197 1181 3256 tomi

52 3297 116 3340 nus
137 3281 197 3340 auis
215 3280 251 3342 ad
269 3286 383 3360 tempus
403 3280 550 3362 parcebat,
575 3285 607 3339 ut
630 3277 737 3372 aliquid
761 3277 915 3336 laxamenti
938 3275 1087 3336 haberent:
1116 3291 1194 3337 neue

51 3359 365 3500 tulutttttzt
383 3365 570 3518 iffi.
587 3356 673 3498 ‘tu
689 3356 1194 3516 tt'td‘tttttattttt

52 3526 90 3578 ut
111 3519 246 3580 flammea
265 3519 367 3600 prooul
385 3539 443 3580 uon
463 3523 573 3598 egent,
597 3519 719 3578 aeuum
740 3514 896 3576 Dominum
921 3512 1105 3574 imbecillitati
1129 3529 1194 3572 uos·

52 3605 122 3658 trae
149 3598 312 3664 consulere:
341 3598 391 3659 sed
419 3601 525 3658 interea
549 3615 587 3658 us
611 3595 750 3676 liugamus
775 3593 858 3654 uobis
1000 3609 1033 3652 as
1060 3590 1195 3665 indum'ss,

51 3697 166 3736 rerum
186 3679 277 3758 parati
300 3680 389 3738 simus
407 3677 444 3737 ad
463 3679 584 3738 maiores
602 3676 725 3736 insultus
743 3613 936 3746 sustinead-it,
966 3673 1078 3752 quoties
1101 3670 1195 3764 subito
1274 3733 1283 3772 Ι

50 3757 238 3838 empurias·
261 3756 469 3820 dimiserimus
487 3758 587 3830 etiam,
610 3757 634 3815 si
658 3754 773 3834 quando
793 3756 876 3814 unius
895 3752 1019 3814 nominis
1037 3755 1196 3810 constantes

49 3835 203 3915 reprobos
232 3836 268 3896 ad
298 3837 493 3896 crudelitatem
518 3838 609 3909 uouit,
637 3835 693 3915 ipsi
721 3835 760 3894 iui
801 3853 818 3894 e
846 3831 947 3892 ascribi
975 3830 1043 3890 mali
1072 3829 1196 3910 eulpam.

49 3913 168 3995 Neque
191 3918 267 3976 enim
291 3915 469 3998 Stephanum
493 3915 645 3998 ignominia
669 3919 752 3974 notat
799 3931 881 3983 uoaa,
911 3929 1000 3992 quum
1025 3910 1087 3968 eius
1116 3925 1197 3968 osea·

47 3997 143 4054 aione
165 3994 323 4056 Eeetaaiam
342 3995 426 4056 solito
446 3998 558 4075 gramm
582 3994 668 4056 lutae
691 3998 826 4054 vennam
848 3993 961 4064 uuus,
986 3987 1036 4048 aad
1059 3987 1116 4048 hoe
1139 4005 1197 4047 ms·

45 4075 99 4152 gia
123 4073 157 4134 iu
177 4073 261 4136 laude
280 4076 342 4136 dus
361 4077 457 4156 pouit,
476 4075 554 4154 quod
572 4081 710 4153 tauquam
728 4075 926 4152 antesignanus
945 4067 1071 4148 reliquus
1090 4067 1127 4128 ad
1141 4065 1198 4127 ilar·
1332 4119 1336 4128 ,

46 4155 127 4212 titer
142 4155 336 4235 pugnandum
355 4153 553 4217 animadvertit
570 4172 624 4214 auo
647 4153 790 4248 exemplu
831 4149 932 4228 Quum
956 4149 1198 4244 fflmmtpmtta

44 4255 131 4294 naara
155 4233 478 4330 Eoeiastam'nominat,
497 4252 555 4328 nou
575 4231 705 4327 iutellrprt
723 4230 790 4292 alais
809 4247 928 4310 quoquo
945 4228 1031 4289 suasa
1044 4225 1197 4322 Eodesrma

46 4311 359 4454 mittut
372 4305 1200 4532 tdttittttttlttttftffltadtuffi
