<?xml version="1.0" encoding="UTF-8"?>
<!DOCTYPE html PUBLIC "-//W3C//DTD XHTML 1.0 Transitional//EN"
    "http://www.w3.org/TR/xhtml1/DTD/xhtml1-transitional.dtd">
<html xmlns="http://www.w3.org/1999/xhtml" xml:lang="en" lang="en">
 <head>
  <title>
</title>
<meta http-equiv="Content-Type" content="text/html;charset=utf-8" />
  <meta name='ocr-system' content='tesseract 3.04.00' />
  <meta name='ocr-capabilities' content='ocr_page ocr_carea ocr_par ocr_line ocrx_word'/>
</head>
<body>
  <div class='ocr_page' id='page_1' title='image "./innovumtestamen00tholgoog_0488.png"; bbox 0 0 2786 4866; ppageno 0'>
   <div class='ocr_carea' id='block_1_1' title="bbox 440 227 1221 307">
    <p class='ocr_par' dir='ltr' id='par_1_1' title="bbox 440 227 1221 307">
     <span class='ocr_line' id='line_1_1' title="bbox 440 227 1221 307; baseline -0.006 -9"><span class='ocrx_word' id='word_1_1' title='bbox 440 291 444 298; x_wconf 82' lang='grc'><strong>,</strong></span> <span class='ocrx_word' id='word_1_2' title='bbox 553 227 751 296; x_wconf 71' lang='lat' dir='ltr'><strong>centnm.</strong></span> <span class='ocrx_word' id='word_1_3' title='bbox 1178 239 1221 307; x_wconf 80' lang='lat'><strong>75</strong></span> 
     </span>
    </p>
   </div>
   <div class='ocr_carea' id='block_1_2' title="bbox 77 344 1255 838">
    <p class='ocr_par' dir='ltr' id='par_1_2' title="bbox 77 344 1255 754">
     <span class='ocr_line' id='line_1_2' title="bbox 77 344 1222 434; baseline -0.001 -16"><span class='ocrx_word' id='word_1_4' title='bbox 77 357 147 418; x_wconf 84' lang='lat' dir='ltr'><strong>lore</strong></span> <span class='ocrx_word' id='word_1_5' title='bbox 174 350 354 422; x_wconf 77' lang='lat' dir='ltr'><strong>conflictum,</strong></span> <span class='ocrx_word' id='word_1_6' title='bbox 383 344 410 406; x_wconf 76' lang='lat' dir='ltr'><strong>al</strong></span> <span class='ocrx_word' id='word_1_7' title='bbox 433 348 577 426; x_wconf 68' lang='lat' dir='ltr'><strong>pnsum</strong></span> <span class='ocrx_word' id='word_1_8' title='bbox 600 345 765 431; x_wconf 75' lang='lat' dir='ltr'><strong>abiectaque</strong></span> <span class='ocrx_word' id='word_1_9' title='bbox 784 347 894 412; x_wconf 73' lang='lat' dir='ltr'><strong>(lhrtmt</strong></span> <span class='ocrx_word' id='word_1_10' title='bbox 915 349 1045 414; x_wconf 75' lang='lat' dir='ltr'><strong>electrlm</strong></span> <span class='ocrx_word' id='word_1_11' title='bbox 1063 371 1166 434; x_wconf 78' lang='lat' dir='ltr'><strong>vegam</strong></span> <span class='ocrx_word' id='word_1_12' title='bbox 1189 363 1222 418; x_wconf 86' lang='lat' dir='ltr'><strong>ct</strong></span> 
     </span>
     <span class='ocr_line' id='line_1_3' title="bbox 79 423 1221 518; baseline 0.009 -32"><span class='ocrx_word' id='word_1_13' title='bbox 79 437 223 498; x_wconf 58' lang='lat' dir='ltr'><strong>effrenem</strong></span> <span class='ocrx_word' id='word_1_14' title='bbox 240 447 342 492; x_wconf 88' lang='lat' dir='ltr'><strong>eorum</strong></span> <span class='ocrx_word' id='word_1_15' title='bbox 360 423 506 486; x_wconf 79' lang='lat' dir='ltr'>libidinem</span> <span class='ocrx_word' id='word_1_16' title='bbox 529 427 646 510; x_wconf 86' lang='lat' dir='ltr'><strong>impuno</strong></span> <span class='ocrx_word' id='word_1_17' title='bbox 665 432 763 512; x_wconf 75' lang='lat' dir='ltr'><strong>vagari</strong></span> <span class='ocrx_word' id='word_1_18' title='bbox 786 432 888 493; x_wconf 77' lang='lat' dir='ltr'><strong>sinam.</strong></span> <span class='ocrx_word' id='word_1_19' title='bbox 938 431 1121 516; x_wconf 79' lang='lat' dir='ltr'><strong>Quocunque</strong></span> <span class='ocrx_word' id='word_1_20' title='bbox 1149 453 1221 518; x_wconf 77' lang='lat' dir='ltr'><strong>ergo</strong></span> 
     </span>
     <span class='ocr_line' id='line_1_4' title="bbox 80 504 1221 596; baseline -0.002 -17"><span class='ocrx_word' id='word_1_21' title='bbox 80 513 170 578; x_wconf 76' lang='lat' dir='ltr'><strong>tltv‘rlo</strong></span> <span class='ocrx_word' id='word_1_22' title='bbox 193 509 315 596; x_wconf 78' lang='lat' dir='ltr'><strong>praediti</strong></span> <span class='ocrx_word' id='word_1_23' title='bbox 338 507 397 566; x_wconf 84' lang='lat' dir='ltr'><strong>sint</strong></span> <span class='ocrx_word' id='word_1_24' title='bbox 420 504 564 582; x_wconf 80' lang='lat' dir='ltr'><strong>hominen,</strong></span> <span class='ocrx_word' id='word_1_25' title='bbox 592 509 707 570; x_wconf 86' lang='lat' dir='ltr'><strong>nonnisi</strong></span> <span class='ocrx_word' id='word_1_26' title='bbox 731 508 783 572; x_wconf 84' lang='lat' dir='ltr'><strong>auh</strong></span> <span class='ocrx_word' id='word_1_27' title='bbox 813 511 868 572; x_wconf 75' lang='lat' dir='ltr'><strong>liae</strong></span> <span class='ocrx_word' id='word_1_28' title='bbox 895 515 1063 595; x_wconf 71' lang='lat' dir='ltr'><strong>exceptione</strong></span> <span class='ocrx_word' id='word_1_29' title='bbox 1087 515 1221 578; x_wconf 74' lang='lat' dir='ltr'><strong>audimini</strong></span> 
     </span>
     <span class='ocr_line' id='line_1_5' title="bbox 81 585 1220 674; baseline -0.001 -17"><span class='ocrx_word' id='word_1_30' title='bbox 81 601 164 668; x_wconf 86' lang='lat' dir='ltr'><strong>aunt,</strong></span> <span class='ocrx_word' id='word_1_31' title='bbox 192 587 344 653; x_wconf 70' lang='lat' dir='ltr'><strong>neellel</strong></span> <span class='ocrx_word' id='word_1_32' title='bbox 364 585 523 647; x_wconf 84' lang='lat' dir='ltr'><strong>obedientia</strong></span> <span class='ocrx_word' id='word_1_33' title='bbox 542 605 595 648; x_wconf 87' lang='lat' dir='ltr'><strong>noe</strong></span> <span class='ocrx_word' id='word_1_34' title='bbox 613 587 764 651; x_wconf 80' lang='lat' dir='ltr'><strong>abducant</strong></span> <span class='ocrx_word' id='word_1_35' title='bbox 809 591 853 652; x_wconf 90' lang='lat' dir='ltr'><strong>lta</strong></span> <span class='ocrx_word' id='word_1_36' title='bbox 872 593 1008 674; x_wconf 84' lang='lat' dir='ltr'><strong>quioquid</strong></span> <span class='ocrx_word' id='word_1_37' title='bbox 1026 591 1153 671; x_wconf 81' lang='lat' dir='ltr'><strong>trudent,</strong></span> <span class='ocrx_word' id='word_1_38' title='bbox 1182 597 1220 656; x_wconf 83' lang='lat' dir='ltr'><strong>ad</strong></span> 
     </span>
     <span class='ocr_line' id='line_1_6' title="bbox 81 665 1255 754; baseline 0.003 -22"><span class='ocrx_word' id='word_1_39' title='bbox 81 675 162 738; x_wconf 78' lang='lat' dir='ltr'><strong>verli</strong></span> <span class='ocrx_word' id='word_1_40' title='bbox 181 672 239 732; x_wconf 89' lang='lat' dir='ltr'><strong>Dei</strong></span> <span class='ocrx_word' id='word_1_41' title='bbox 256 667 389 750; x_wconf 76' lang='lat' dir='ltr'><strong>regulam</strong></span> <span class='ocrx_word' id='word_1_42' title='bbox 409 665 581 746; x_wconf 73' lang='lat' dir='ltr'><strong>exigendum</strong></span> <span class='ocrx_word' id='word_1_43' title='bbox 599 669 662 732; x_wconf 82' lang='lat' dir='ltr'><strong>mit.</strong></span> <span class='ocrx_word' id='word_1_44' title='bbox 701 668 881 752; x_wconf 75' lang='lat' dir='ltr'><strong>Principibus</strong></span> <span class='ocrx_word' id='word_1_45' title='bbox 900 678 930 732; x_wconf 89' lang='lat' dir='ltr'><strong>et</strong></span> <span class='ocrx_word' id='word_1_46' title='bbox 948 674 1011 733; x_wconf 84' lang='lat' dir='ltr'><strong>aliie</strong></span> <span class='ocrx_word' id='word_1_47' title='bbox 1031 675 1081 754; x_wconf 85' lang='lat' dir='ltr'><strong>qui</strong></span> <span class='ocrx_word' id='word_1_48' title='bbox 1101 683 1170 736; x_wconf 80' lang='lat' dir='ltr'><strong>aaut</strong></span> <span class='ocrx_word' id='word_1_49' title='bbox 1188 677 1221 736; x_wconf 86' lang='lat' dir='ltr'><strong>in</strong></span> <span class='ocrx_word' id='word_1_50' title='bbox 1245 737 1255 746; x_wconf 79' lang='grc'><strong><em>,</em></strong></span> 
     </span>
    </p>

    <p class='ocr_par' dir='ltr' id='par_1_3' title="bbox 120 747 1219 838">
     <span class='ocr_line' id='line_1_7' title="bbox 120 747 1219 838; baseline 0.003 -24"><span class='ocrx_word' id='word_1_51' title='bbox 120 760 225 816; x_wconf 80' lang='lat' dir='ltr'><strong>tentate</strong></span> <span class='ocrx_word' id='word_1_52' title='bbox 248 747 397 813; x_wconf 67' lang='lat' dir='ltr'><strong>constituti</strong></span> <span class='ocrx_word' id='word_1_53' title='bbox 422 747 579 828; x_wconf 75' lang='lat' dir='ltr'><strong>parendum</strong></span> <span class='ocrx_word' id='word_1_54' title='bbox 602 755 658 810; x_wconf 78' lang='lat' dir='ltr'><strong>eat:</strong></span> <span class='ocrx_word' id='word_1_55' title='bbox 688 751 739 810; x_wconf 78' lang='lat' dir='ltr'><strong>aed</strong></span> <span class='ocrx_word' id='word_1_56' title='bbox 769 753 810 810; x_wconf 85' lang='lat' dir='ltr'><strong>ita</strong></span> <span class='ocrx_word' id='word_1_57' title='bbox 834 758 868 811; x_wconf 89' lang='lat' dir='ltr'><strong>ut</strong></span> <span class='ocrx_word' id='word_1_58' title='bbox 890 750 969 827; x_wconf 88' lang='lat' dir='ltr'><strong>Deo,</strong></span> <span class='ocrx_word' id='word_1_59' title='bbox 998 761 1112 816; x_wconf 85' lang='lat' dir='ltr'><strong>aumuio</strong></span> <span class='ocrx_word' id='word_1_60' title='bbox 1136 755 1219 838; x_wconf 76' lang='lat' dir='ltr'><strong>Regi,</strong></span> 
     </span>
    </p>
   </div>
   <div class='ocr_carea' id='block_1_3' title="bbox 106 827 1324 917">
    <p class='ocr_par' dir='ltr' id='par_1_4' title="bbox 106 827 1324 917">
     <span class='ocr_line' id='line_1_8' title="bbox 106 827 1324 917; baseline -0.002 -21"><span class='ocrx_word' id='word_1_61' title='bbox 106 836 171 910; x_wconf 86' lang='lat' dir='ltr'><strong>atri,</strong></span> <span class='ocrx_word' id='word_1_62' title='bbox 191 851 227 892; x_wconf 78' lang='lat' dir='ltr'><strong>ac</strong></span> <span class='ocrx_word' id='word_1_63' title='bbox 245 829 374 889; x_wconf 83' lang='lat' dir='ltr'><strong>Domine</strong></span> <span class='ocrx_word' id='word_1_64' title='bbox 392 827 439 886; x_wconf 76' lang='lat' dir='ltr'><strong>iun</strong></span> <span class='ocrx_word' id='word_1_65' title='bbox 458 845 542 888; x_wconf 80' lang='lat' dir='ltr'><strong>enum</strong></span> <span class='ocrx_word' id='word_1_66' title='bbox 561 828 677 890; x_wconf 90' lang='lat' dir='ltr'><strong>minime</strong></span> <span class='ocrx_word' id='word_1_67' title='bbox 697 829 843 912; x_wconf 76' lang='lat' dir='ltr'><strong>abrogent.</strong></span> <span class='ocrx_word' id='word_1_68' title='bbox 882 829 915 890; x_wconf 79' lang='lat' dir='ltr'><strong>st</strong></span> <span class='ocrx_word' id='word_1_69' title='bbox 935 833 966 894; x_wconf 90' lang='lat' dir='ltr'><strong>iu</strong></span> <span class='ocrx_word' id='word_1_70' title='bbox 984 833 1109 914; x_wconf 76' lang='lat' dir='ltr'><strong>politicis</strong></span> <span class='ocrx_word' id='word_1_71' title='bbox 1127 837 1218 917; x_wconf 86' lang='lat' dir='ltr'><strong>impe-</strong></span> <span class='ocrx_word' id='word_1_72' title='bbox 1319 887 1324 898; x_wconf 92' lang='grc'><em>,</em></span> 
     </span>
    </p>
   </div>
   <div class='ocr_carea' id='block_1_4' title="bbox 23 905 1313 4512">
    <p class='ocr_par' dir='ltr' id='par_1_5' title="bbox 80 905 1239 1870">
     <span class='ocr_line' id='line_1_9' title="bbox 80 905 1219 996; baseline 0.003 -23"><span class='ocrx_word' id='word_1_73' title='bbox 80 917 132 976; x_wconf 84' lang='lat' dir='ltr'><strong>riu</strong></span> <span class='ocrx_word' id='word_1_74' title='bbox 150 910 278 974; x_wconf 86' lang='lat' dir='ltr'><strong>tenenda</strong></span> <span class='ocrx_word' id='word_1_75' title='bbox 297 915 341 970; x_wconf 84' lang='lat' dir='ltr'><strong>eat</strong></span> <span class='ocrx_word' id='word_1_76' title='bbox 358 905 431 967; x_wconf 87' lang='lat' dir='ltr'><strong>lmee</strong></span> <span class='ocrx_word' id='word_1_77' title='bbox 448 906 616 984; x_wconf 85' lang='lat' dir='ltr'><strong>moderatio,</strong></span> <span class='ocrx_word' id='word_1_78' title='bbox 634 911 664 978; x_wconf 81' lang='lat' dir='ltr'><strong>in</strong></span> <span class='ocrx_word' id='word_1_79' title='bbox 684 911 823 992; x_wconf 76' lang='lat' dir='ltr'><strong>spirituali</strong></span> <span class='ocrx_word' id='word_1_80' title='bbox 837 911 1219 996; x_wconf 78' lang='lat' dir='ltr'><strong>eecleaiueregiminemulta</strong></span> 
     </span>
     <span class='ocr_line' id='line_1_10' title="bbox 83 984 1220 1074; baseline 0.001 -19"><span class='ocrx_word' id='word_1_81' title='bbox 83 995 178 1074; x_wconf 65' lang='lat' dir='ltr'><strong>magia</strong></span> <span class='ocrx_word' id='word_1_82' title='bbox 197 991 295 1052; x_wconf 78' lang='lat' dir='ltr'><strong>volere</strong></span> <span class='ocrx_word' id='word_1_83' title='bbox 318 987 407 1048; x_wconf 82' lang='lat' dir='ltr'><strong>debet</strong></span> <span class='ocrx_word' id='word_1_84' title='bbox 456 984 499 1046; x_wconf 81' lang='lat' dir='ltr'><strong>Ne</strong></span> <span class='ocrx_word' id='word_1_85' title='bbox 522 993 618 1048; x_wconf 87' lang='lat' dir='ltr'><strong>autem</strong></span> <span class='ocrx_word' id='word_1_86' title='bbox 640 1009 696 1069; x_wconf 87' lang='lat' dir='ltr'><strong>pro</strong></span> <span class='ocrx_word' id='word_1_87' title='bbox 721 991 805 1050; x_wconf 78' lang='lat' dir='ltr'><strong>colito</strong></span> <span class='ocrx_word' id='word_1_88' title='bbox 819 989 905 1051; x_wconf 79' lang='lat' dir='ltr'><strong>‘laetu</strong></span> <span class='ocrx_word' id='word_1_89' title='bbox 950 999 1031 1054; x_wconf 86' lang='lat' dir='ltr'><strong>utent</strong></span> <span class='ocrx_word' id='word_1_90' title='bbox 1058 995 1104 1054; x_wconf 82' lang='lat' dir='ltr'><strong>inc</strong></span> <span class='ocrx_word' id='word_1_91' title='bbox 1134 1015 1220 1056; x_wconf 83' lang='lat' dir='ltr'><strong>ouum</strong></span> 
     </span>
     <span class='ocr_line' id='line_1_11' title="bbox 84 1013 1220 1155; baseline 0.002 -21"><span class='ocrx_word' id='word_1_92' title='bbox 84 1075 194 1146; x_wconf 85' lang='lat' dir='ltr'><strong>minui,</strong></span> <span class='ocrx_word' id='word_1_93' title='bbox 212 1070 262 1131; x_wconf 77' lang='lat' dir='ltr'><strong>ulti</strong></span> <span class='ocrx_word' id='word_1_94' title='bbox 280 1087 364 1155; x_wconf 77' lang='lat' dir='ltr'><strong>supra</strong></span> <span class='ocrx_word' id='word_1_95' title='bbox 382 1081 432 1127; x_wconf 78' lang='lat' dir='ltr'><strong>eea</strong></span> <span class='ocrx_word' id='word_1_96' title='bbox 444 1065 597 1128; x_wconf 76' lang='lat' dir='ltr'><strong>extollitur</strong></span> <span class='ocrx_word' id='word_1_97' title='bbox 615 1066 711 1144; x_wconf 78' lang='lat' dir='ltr'><strong>Deua,</strong></span> <span class='ocrx_word' id='word_1_98' title='bbox 735 1070 771 1129; x_wconf 79' lang='lat' dir='ltr'><strong>ab</strong></span> <span class='ocrx_word' id='word_1_99' title='bbox 789 1069 835 1130; x_wconf 84' lang='lat' dir='ltr'><strong>hia</strong></span> <span class='ocrx_word' id='word_1_100' title='bbox 854 1013 994 1134; x_wconf 61' lang='lat' dir='ltr'><strong>therapium</strong></span> <span class='ocrx_word' id='word_1_101' title='bbox 1013 1073 1150 1135; x_wconf 75' lang='lat' dir='ltr'><strong>manante</strong></span> <span class='ocrx_word' id='word_1_102' title='bbox 1168 1095 1220 1135; x_wconf 84' lang='lat' dir='ltr'><strong>ene</strong></span> 
     </span>
     <span class='ocr_line' id='line_1_12' title="bbox 86 1147 1220 1227; baseline -0.001 -11"><span class='ocrx_word' id='word_1_103' title='bbox 86 1155 209 1227; x_wconf 77' lang='lat' dir='ltr'><strong>Patrue,</strong></span> <span class='ocrx_word' id='word_1_104' title='bbox 237 1151 310 1209; x_wconf 81' lang='lat' dir='ltr'><strong>hnic</strong></span> <span class='ocrx_word' id='word_1_105' title='bbox 338 1165 453 1208; x_wconf 77' lang='lat' dir='ltr'><strong>cumam</strong></span> <span class='ocrx_word' id='word_1_106' title='bbox 476 1147 631 1208; x_wconf 71' lang='lat' dir='ltr'><strong>admonens</strong></span> <span class='ocrx_word' id='word_1_107' title='bbox 654 1149 691 1209; x_wconf 84' lang='lat' dir='ltr'><strong>ud</strong></span> <span class='ocrx_word' id='word_1_108' title='bbox 710 1147 768 1209; x_wconf 86' lang='lat' dir='ltr'><strong>Dei</strong></span> <span class='ocrx_word' id='word_1_109' title='bbox 792 1149 916 1211; x_wconf 76' lang='lat' dir='ltr'><strong>uibuual</strong></span> <span class='ocrx_word' id='word_1_110' title='bbox 935 1151 1124 1214; x_wconf 68' lang='lat' dir='ltr'><strong>mlinkndam</strong></span> <span class='ocrx_word' id='word_1_111' title='bbox 1142 1173 1220 1215; x_wconf 65' lang='lat' dir='ltr'><strong>esaei</strong></span> 
     </span>
     <span class='ocr_line' id='line_1_13' title="bbox 88 1226 1219 1312; baseline 0.005 -24"><span class='ocrx_word' id='word_1_112' title='bbox 88 1235 193 1295; x_wconf 65' lang='lat' dir='ltr'><strong>dumio</strong></span> <span class='ocrx_word' id='word_1_113' title='bbox 211 1231 286 1290; x_wconf 85' lang='lat' dir='ltr'><strong>euim</strong></span> <span class='ocrx_word' id='word_1_114' title='bbox 306 1227 414 1288; x_wconf 78' lang='lat' dir='ltr'><strong>coram</strong></span> <span class='ocrx_word' id='word_1_115' title='bbox 432 1226 497 1288; x_wconf 83' lang='lat' dir='ltr'><strong>Deo</strong></span> <span class='ocrx_word' id='word_1_116' title='bbox 517 1229 665 1310; x_wconf 79' lang='lat' dir='ltr'><strong>exprimit,</strong></span> <span class='ocrx_word' id='word_1_117' title='bbox 694 1230 762 1309; x_wconf 78' lang='lat' dir='ltr'><strong>qua</strong></span> <span class='ocrx_word' id='word_1_118' title='bbox 781 1236 927 1312; x_wconf 81' lang='lat' dir='ltr'><strong>utcunque</strong></span> <span class='ocrx_word' id='word_1_119' title='bbox 946 1234 1108 1293; x_wconf 81' lang='lat' dir='ltr'><strong>coeuntiant</strong></span> <span class='ocrx_word' id='word_1_120' title='bbox 1127 1235 1219 1296; x_wconf 86' lang='lat' dir='ltr'><strong>homi-</strong></span> 
     </span>
     <span class='ocr_line' id='line_1_14' title="bbox 88 1308 1220 1394; baseline 0.001 -20"><span class='ocrx_word' id='word_1_121' title='bbox 88 1333 140 1375; x_wconf 76' lang='grc' dir='ltr'><strong>ιιι</strong></span> <span class='ocrx_word' id='word_1_122' title='bbox 163 1311 245 1372; x_wconf 84' lang='lat' dir='ltr'><strong>Deua</strong></span> <span class='ocrx_word' id='word_1_123' title='bbox 267 1316 534 1387; x_wconf 71' lang='lat' dir='ltr'><strong>menumquam</strong></span> <span class='ocrx_word' id='word_1_124' title='bbox 558 1308 695 1387; x_wconf 85' lang='lat' dir='ltr'><strong>praeferri</strong></span> <span class='ocrx_word' id='word_1_125' title='bbox 724 1308 776 1369; x_wconf 81' lang='lat' dir='ltr'><strong>sibi</strong></span> <span class='ocrx_word' id='word_1_126' title='bbox 800 1329 885 1390; x_wconf 89' lang='lat' dir='ltr'><strong>quem</strong></span> <span class='ocrx_word' id='word_1_127' title='bbox 927 1330 973 1371; x_wconf 82' lang='lat' dir='ltr'><strong>am</strong></span> <span class='ocrx_word' id='word_1_128' title='bbox 997 1315 1130 1394; x_wconf 86' lang='lat' dir='ltr'><strong>patietur.</strong></span> <span class='ocrx_word' id='word_1_129' title='bbox 1179 1313 1220 1376; x_wconf 79' lang='lat' dir='ltr'><strong>lit</strong></span> 
     </span>
     <span class='ocr_line' id='line_1_15' title="bbox 86 1385 1219 1470; baseline 0.002 -18"><span class='ocrx_word' id='word_1_130' title='bbox 86 1412 153 1453; x_wconf 82' lang='lat' dir='ltr'><strong>eane</strong></span> <span class='ocrx_word' id='word_1_131' title='bbox 173 1391 229 1451; x_wconf 89' lang='lat' dir='ltr'><strong>hoe</strong></span> <span class='ocrx_word' id='word_1_132' title='bbox 245 1407 419 1470; x_wconf 59' lang='lat' dir='ltr'><strong>maneum</strong></span> <span class='ocrx_word' id='word_1_133' title='bbox 438 1385 562 1470; x_wconf 71' lang='lat' dir='ltr'><strong>Spiritus</strong></span> <span class='ocrx_word' id='word_1_134' title='bbox 585 1385 617 1447; x_wconf 84' lang='lat' dir='ltr'><strong>in</strong></span> <span class='ocrx_word' id='word_1_135' title='bbox 636 1407 669 1449; x_wconf 85' lang='lat' dir='ltr'><strong>os</strong></span> <span class='ocrx_word' id='word_1_136' title='bbox 688 1385 716 1448; x_wconf 78' lang='lat' dir='ltr'><strong>A</strong></span> <span class='ocrx_word' id='word_1_137' title='bbox 770 1389 836 1449; x_wconf 86' lang='lat' dir='ltr'><strong>tolla</strong></span> <span class='ocrx_word' id='word_1_138' title='bbox 860 1410 895 1450; x_wconf 83' lang='lat' dir='ltr'><strong>eu</strong></span> <span class='ocrx_word' id='word_1_139' title='bbox 914 1392 994 1466; x_wconf 89' lang='lat' dir='ltr'><strong>iecit,</strong></span> <span class='ocrx_word' id='word_1_140' title='bbox 1023 1411 1082 1452; x_wconf 90' lang='lat' dir='ltr'><strong>non</strong></span> <span class='ocrx_word' id='word_1_141' title='bbox 1106 1399 1219 1454; x_wconf 82' lang='lat' dir='ltr'><strong>tantum</strong></span> 
     </span>
     <span class='ocr_line' id='line_1_16' title="bbox 84 1467 1222 1544; baseline 0.002 -11"><span class='ocrx_word' id='word_1_142' title='bbox 84 1479 117 1533; x_wconf 88' lang='lat' dir='ltr'><strong>ut</strong></span> <span class='ocrx_word' id='word_1_143' title='bbox 145 1471 273 1532; x_wconf 85' lang='lat' dir='ltr'><strong>hoetimn</strong></span> <span class='ocrx_word' id='word_1_144' title='bbox 300 1469 438 1529; x_wconf 64' lang='lat' dir='ltr'><strong>lanciam</strong></span> <span class='ocrx_word' id='word_1_145' title='bbox 466 1487 498 1528; x_wconf 87' lang='lat' dir='ltr'><strong>re</strong></span> <span class='ocrx_word' id='word_1_146' title='bbox 517 1467 648 1544; x_wconf 73' lang='lat' dir='ltr'><strong>timeret,</strong></span> <span class='ocrx_word' id='word_1_147' title='bbox 677 1487 707 1528; x_wconf 85' lang='lat' dir='ltr'><strong>ee</strong></span> <span class='ocrx_word' id='word_1_148' title='bbox 749 1475 785 1528; x_wconf 88' lang='lat' dir='ltr'><strong>ut</strong></span> <span class='ocrx_word' id='word_1_149' title='bbox 803 1488 857 1530; x_wconf 84' lang='lat' dir='ltr'><strong>noa</strong></span> <span class='ocrx_word' id='word_1_150' title='bbox 875 1471 1112 1533; x_wconf 69' lang='lat' dir='ltr'><strong>etiam&#39;moner&#39;et</strong></span> <span class='ocrx_word' id='word_1_151' title='bbox 1131 1473 1222 1535; x_wconf 81' lang='lat' dir='ltr'><strong>officii·</strong></span> 
     </span>
     <span class='ocr_line' id='line_1_17' title="bbox 83 1547 1239 1632; baseline 0.001 -19"><span class='ocrx_word' id='word_1_152' title='bbox 83 1553 188 1628; x_wconf 77' lang='lat' dir='ltr'><strong>nentri,</strong></span> <span class='ocrx_word' id='word_1_153' title='bbox 218 1549 333 1632; x_wconf 71' lang='lat' dir='ltr'><strong>quoties</strong></span> <span class='ocrx_word' id='word_1_154' title='bbox 357 1567 393 1608; x_wconf 89' lang='lat' dir='ltr'><strong>ee</strong></span> <span class='ocrx_word' id='word_1_155' title='bbox 417 1565 487 1630; x_wconf 75' lang='lat' dir='ltr'><strong>rupe</strong></span> <span class='ocrx_word' id='word_1_156' title='bbox 522 1548 565 1608; x_wconf 89' lang='lat' dir='ltr'><strong>&#39;ae</strong></span> <span class='ocrx_word' id='word_1_157' title='bbox 584 1547 744 1609; x_wconf 83' lang='lat' dir='ltr'><strong>efferuntur</strong></span> <span class='ocrx_word' id='word_1_158' title='bbox 760 1548 902 1626; x_wconf 76' lang='lat' dir='ltr'><strong>homines,</strong></span> <span class='ocrx_word' id='word_1_159' title='bbox 931 1557 966 1612; x_wconf 92' lang='lat' dir='ltr'><strong>ut</strong></span> <span class='ocrx_word' id='word_1_160' title='bbox 989 1551 1078 1613; x_wconf 78' lang='lat' dir='ltr'><strong>veiint</strong></span> <span class='ocrx_word' id='word_1_161' title='bbox 1096 1567 1239 1614; x_wconf 72' lang='lat' dir='ltr'><strong>menneo·</strong></span> 
     </span>
     <span class='ocr_line' id='line_1_18' title="bbox 83 1626 1222 1714; baseline 0.003 -23"><span class='ocrx_word' id='word_1_162' title='bbox 83 1631 141 1692; x_wconf 86' lang='lat' dir='ltr'><strong>Dei</strong></span> <span class='ocrx_word' id='word_1_163' title='bbox 159 1632 227 1714; x_wconf 75' lang='lat' dir='ltr'><strong>iugo</strong></span> <span class='ocrx_word' id='word_1_164' title='bbox 247 1647 333 1690; x_wconf 83' lang='lat' dir='ltr'><strong>cuum</strong></span> <span class='ocrx_word' id='word_1_165' title='bbox 352 1626 436 1690; x_wconf 74' lang='lat' dir='ltr'><strong>uobis</strong></span> <span class='ocrx_word' id='word_1_166' title='bbox 455 1629 609 1708; x_wconf 74' lang='lat' dir='ltr'><strong>imponere.</strong></span> <span class='ocrx_word' id='word_1_167' title='bbox 650 1627 732 1688; x_wconf 88' lang='lat' dir='ltr'><strong>Tune</strong></span> <span class='ocrx_word' id='word_1_168' title='bbox 750 1647 819 1710; x_wconf 75' lang='lat' dir='ltr'><strong>ergo</strong></span> <span class='ocrx_word' id='word_1_169' title='bbox 838 1629 920 1690; x_wconf 83' lang='lat' dir='ltr'><strong>nobie</strong></span> <span class='ocrx_word' id='word_1_170' title='bbox 939 1627 970 1690; x_wconf 89' lang='lat' dir='ltr'><strong>iu</strong></span> <span class='ocrx_word' id='word_1_171' title='bbox 988 1635 1222 1694; x_wconf 81' lang='lat' dir='ltr'><strong>mentemveuiat</strong></span> 
     </span>
     <span class='ocr_line' id='line_1_19' title="bbox 84 1707 1218 1794; baseline 0.002 -22"><span class='ocrx_word' id='word_1_172' title='bbox 84 1716 265 1772; x_wconf 65' lang='lat' dir='ltr'><strong>manua</strong></span> <span class='ocrx_word' id='word_1_173' title='bbox 284 1707 340 1768; x_wconf 83' lang='lat' dir='ltr'><strong>Dei</strong></span> <span class='ocrx_word' id='word_1_174' title='bbox 360 1708 523 1783; x_wconf 72' lang='lat' dir='ltr'><strong>auctoritas,</strong></span> <span class='ocrx_word' id='word_1_175' title='bbox 543 1726 618 1789; x_wconf 82' lang='lat' dir='ltr'><strong>quae</strong></span> <span class='ocrx_word' id='word_1_176' title='bbox 636 1709 750 1769; x_wconf 86' lang='lat' dir='ltr'><strong>inanem</strong></span> <span class='ocrx_word' id='word_1_177' title='bbox 769 1709 894 1770; x_wconf 85' lang='lat' dir='ltr'><strong>cuimvia</strong></span> <span class='ocrx_word' id='word_1_178' title='bbox 914 1709 1055 1772; x_wconf 71' lang='lat' dir='ltr'><strong>humum</strong></span> <span class='ocrx_word' id='word_1_179' title='bbox 1074 1720 1218 1794; x_wconf 73' lang='lat' dir='ltr'><strong>praeatum·</strong></span> 
     </span>
     <span class='ocr_line' id='line_1_20' title="bbox 85 1787 430 1870; baseline -0.014 -18"><span class='ocrx_word' id='word_1_180' title='bbox 85 1793 143 1852; x_wconf 86' lang='lat' dir='ltr'><strong>tiac</strong></span> <span class='ocrx_word' id='word_1_181' title='bbox 162 1790 271 1850; x_wconf 91' lang='lat' dir='ltr'><strong>lumum</strong></span> <span class='ocrx_word' id='word_1_182' title='bbox 290 1787 430 1870; x_wconf 74' lang='lat' dir='ltr'><strong>dispellit.</strong></span> 
     </span>
    </p>

    <p class='ocr_par' dir='ltr' id='par_1_6' title="bbox 23 1866 1222 2830">
     <span class='ocr_line' id='line_1_21' title="bbox 166 1866 1219 1948; baseline 0 -16"><span class='ocrx_word' id='word_1_183' title='bbox 166 1872 217 1932; x_wconf 74' lang='lat'><strong>20.</strong></span> <span class='ocrx_word' id='word_1_184' title='bbox 254 1871 326 1929; x_wconf 78' lang='lat' dir='ltr'><strong>Neo</strong></span> <span class='ocrx_word' id='word_1_185' title='bbox 344 1877 422 1930; x_wconf 70' lang='lat' dir='ltr'><strong>eloim</strong></span> <span class='ocrx_word' id='word_1_186' title='bbox 437 1889 603 1948; x_wconf 64' lang='lat' dir='ltr'><strong>poenaeue</strong></span> <span class='ocrx_word' id='word_1_187' title='bbox 642 1866 734 1928; x_wconf 80' lang='lat' dir='ltr'><strong>Multa</strong></span> <span class='ocrx_word' id='word_1_188' title='bbox 753 1868 868 1948; x_wconf 81' lang='lat' dir='ltr'><strong>quidem</strong></span> <span class='ocrx_word' id='word_1_189' title='bbox 887 1868 985 1930; x_wconf 82' lang='lat' dir='ltr'><strong>auditu</strong></span> <span class='ocrx_word' id='word_1_190' title='bbox 1009 1877 1039 1930; x_wconf 87' lang='lat' dir='ltr'><strong>et</strong></span> <span class='ocrx_word' id='word_1_191' title='bbox 1057 1871 1122 1930; x_wconf 78' lang='lat' dir='ltr'><strong>vicu</strong></span> <span class='ocrx_word' id='word_1_192' title='bbox 1141 1889 1219 1932; x_wconf 78' lang='lat' dir='ltr'><strong>cenr-</strong></span> 
     </span>
     <span class='ocr_line' id='line_1_22' title="bbox 85 1946 1219 2034; baseline 0 -24"><span class='ocrx_word' id='word_1_193' title='bbox 85 1955 169 2034; x_wconf 78' lang='lat' dir='ltr'><strong>perta</strong></span> <span class='ocrx_word' id='word_1_194' title='bbox 188 1949 262 2008; x_wconf 75' lang='lat' dir='ltr'><strong>oneri</strong></span> <span class='ocrx_word' id='word_1_195' title='bbox 300 1955 408 2022; x_wconf 76' lang='lat' dir='ltr'><strong>neuun,</strong></span> <span class='ocrx_word' id='word_1_196' title='bbox 427 1949 485 2008; x_wconf 90' lang='lat' dir='ltr'><strong>imo</strong></span> <span class='ocrx_word' id='word_1_197' title='bbox 505 1946 617 2022; x_wconf 81' lang='lat' dir='ltr'><strong>debent,</strong></span> <span class='ocrx_word' id='word_1_198' title='bbox 636 1948 686 2008; x_wconf 81' lang='lat' dir='ltr'><strong>nbi</strong></span> <span class='ocrx_word' id='word_1_199' title='bbox 706 1949 742 2007; x_wconf 89' lang='lat' dir='ltr'><strong>de</strong></span> <span class='ocrx_word' id='word_1_200' title='bbox 761 1947 924 2008; x_wconf 83' lang='lat' dir='ltr'><strong>redimenda</strong></span> <span class='ocrx_word' id='word_1_201' title='bbox 943 1965 1014 2028; x_wconf 88' lang='lat' dir='ltr'><strong>puee</strong></span> <span class='ocrx_word' id='word_1_202' title='bbox 1033 1951 1134 2030; x_wconf 75' lang='lat' dir='ltr'><strong>agitur.</strong></span> <span class='ocrx_word' id='word_1_203' title='bbox 1164 1949 1219 2010; x_wconf 80' lang='lat' dir='ltr'><strong>lio&#39;t</strong></span> 
     </span>
     <span class='ocr_line' id='line_1_23' title="bbox 85 1969 1219 2108; baseline -0.002 -17"><span class='ocrx_word' id='word_1_204' title='bbox 85 2032 163 2092; x_wconf 88' lang='lat' dir='ltr'><strong>euim</strong></span> <span class='ocrx_word' id='word_1_205' title='bbox 182 2027 239 2088; x_wconf 82' lang='lat' dir='ltr'><strong>hoe</strong></span> <span class='ocrx_word' id='word_1_206' title='bbox 256 1969 443 2088; x_wconf 51' lang='lat' dir='ltr'><strong>inlumauum</strong></span> <span class='ocrx_word' id='word_1_207' title='bbox 462 2033 491 2088; x_wconf 89' lang='lat' dir='ltr'><strong>et</strong></span> <span class='ocrx_word' id='word_1_208' title='bbox 511 2045 616 2108; x_wconf 85' lang='lat' dir='ltr'><strong>pravae</strong></span> <span class='ocrx_word' id='word_1_209' title='bbox 635 2028 846 2102; x_wconf 70' lang='lat' dir='ltr'><strong>mmumamae,</strong></span> <span class='ocrx_word' id='word_1_210' title='bbox 868 2029 1024 2088; x_wconf 89' lang='lat' dir='ltr'><strong>tumultum</strong></span> <span class='ocrx_word' id='word_1_211' title='bbox 1043 2047 1160 2088; x_wconf 86' lang='lat' dir='ltr'><strong>movere</strong></span> <span class='ocrx_word' id='word_1_212' title='bbox 1180 2029 1219 2089; x_wconf 82' lang='lat' dir='ltr'><strong>olr</strong></span> 
     </span>
     <span class='ocr_line' id='line_1_24' title="bbox 84 2107 1220 2188; baseline -0.004 -16"><span class='ocrx_word' id='word_1_213' title='bbox 84 2129 131 2172; x_wconf 80' lang='lat' dir='ltr'><strong>rea</strong></span> <span class='ocrx_word' id='word_1_214' title='bbox 150 2129 210 2169; x_wconf 89' lang='lat' dir='ltr'><strong>non</strong></span> <span class='ocrx_word' id='word_1_215' title='bbox 229 2109 412 2170; x_wconf 81' lang='lat' dir='ltr'><strong>neeeeanriaaa</strong></span> <span class='ocrx_word' id='word_1_216' title='bbox 441 2107 491 2168; x_wconf 78' lang='lat' dir='ltr'><strong>aed</strong></span> <span class='ocrx_word' id='word_1_217' title='bbox 516 2107 685 2188; x_wconf 75' lang='lat' dir='ltr'><strong>generaliter</strong></span> <span class='ocrx_word' id='word_1_218' title='bbox 702 2127 761 2168; x_wconf 91' lang='lat' dir='ltr'><strong>non</strong></span> <span class='ocrx_word' id='word_1_219' title='bbox 780 2107 984 2188; x_wconf 81' lang='lat' dir='ltr'><strong>loquunturA</strong></span> <span class='ocrx_word' id='word_1_220' title='bbox 1024 2107 1104 2178; x_wconf 80' lang='lat' dir='ltr'><strong>stoli,</strong></span> <span class='ocrx_word' id='word_1_221' title='bbox 1128 2129 1220 2188; x_wconf 82' lang='lat' dir='ltr'><strong>quum</strong></span> 
     </span>
     <span class='ocr_line' id='line_1_25' title="bbox 85 2125 1218 2272; baseline -0.006 -18"><span class='ocrx_word' id='word_1_222' title='bbox 85 2185 220 2272; x_wconf 71' lang='lat' dir='ltr'><strong>loquundi</strong></span> <span class='ocrx_word' id='word_1_223' title='bbox 243 2189 442 2250; x_wconf 63' lang='lat' dir='ltr'><strong>trememtem</strong></span> <span class='ocrx_word' id='word_1_224' title='bbox 467 2185 633 2248; x_wconf 76' lang='lat' dir='ltr'><strong>obtendunt</strong></span> <span class='ocrx_word' id='word_1_225' title='bbox 682 2185 788 2268; x_wconf 83' lang='lat' dir='ltr'><strong>Agitur</strong></span> <span class='ocrx_word' id='word_1_226' title='bbox 811 2189 888 2248; x_wconf 88' lang='lat' dir='ltr'><strong>euim</strong></span> <span class='ocrx_word' id='word_1_227' title='bbox 908 2187 943 2248; x_wconf 85' lang='lat' dir='ltr'><strong>de</strong></span> <span class='ocrx_word' id='word_1_228' title='bbox 964 2125 1071 2248; x_wconf 54' lang='lat' dir='ltr'><strong>ellim</strong></span> <span class='ocrx_word' id='word_1_229' title='bbox 1090 2185 1218 2270; x_wconf 75' lang='lat' dir='ltr'><strong>Evange-</strong></span> 
     </span>
     <span class='ocr_line' id='line_1_26' title="bbox 23 2265 1219 2350; baseline -0.003 -19"><span class='ocrx_word' id='word_1_230' title='bbox 23 2291 30 2314; x_wconf 79' lang='lat'><strong>·</strong></span> <span class='ocrx_word' id='word_1_231' title='bbox 84 2273 138 2346; x_wconf 87' lang='lat' dir='ltr'><strong>lio,</strong></span> <span class='ocrx_word' id='word_1_232' title='bbox 167 2272 199 2330; x_wconf 87' lang='lat' dir='ltr'><strong>in</strong></span> <span class='ocrx_word' id='word_1_233' title='bbox 223 2287 282 2350; x_wconf 82' lang='lat' dir='ltr'><strong>quo</strong></span> <span class='ocrx_word' id='word_1_234' title='bbox 307 2276 338 2330; x_wconf 84' lang='lat' dir='ltr'><strong>et</strong></span> <span class='ocrx_word' id='word_1_235' title='bbox 356 2267 413 2329; x_wconf 74' lang='lat' dir='ltr'><strong>nu</strong></span> <span class='ocrx_word' id='word_1_236' title='bbox 455 2267 526 2328; x_wconf 87' lang='lat' dir='ltr'><strong>loria</strong></span> <span class='ocrx_word' id='word_1_237' title='bbox 549 2273 581 2327; x_wconf 84' lang='lat' dir='ltr'><strong>et</strong></span> <span class='ocrx_word' id='word_1_238' title='bbox 603 2267 751 2328; x_wconf 87' lang='lat' dir='ltr'><strong>homiuum</strong></span> <span class='ocrx_word' id='word_1_239' title='bbox 776 2267 852 2327; x_wconf 83' lang='lat' dir='ltr'><strong>aulus</strong></span> <span class='ocrx_word' id='word_1_240' title='bbox 872 2268 1009 2327; x_wconf 75' lang='lat' dir='ltr'><strong>comiatlt.</strong></span> <span class='ocrx_word' id='word_1_241' title='bbox 1059 2265 1132 2328; x_wconf 81' lang='lat' dir='ltr'><strong>Earn</strong></span> <span class='ocrx_word' id='word_1_242' title='bbox 1151 2288 1219 2350; x_wconf 83' lang='lat' dir='ltr'><strong>eup-</strong></span> 
     </span>
     <span class='ocr_line' id='line_1_27' title="bbox 84 2346 1220 2512; baseline -0.001 -21"><span class='ocrx_word' id='word_1_243' title='bbox 84 2346 1101 2512; x_wconf 57' lang='lat' dir='ltr'><strong>ffltfflttuitll¹ttat,“tlttttt,ttlt</strong></span> <span class='ocrx_word' id='word_1_244' title='bbox 1115 2347 1220 2490; x_wconf 68' lang='lat' dir='ltr'><strong>,itt</strong></span> 
     </span>
     <span class='ocr_line' id='line_1_28' title="bbox 85 2470 1222 2590; baseline -0.002 -20"><span class='ocrx_word' id='word_1_245' title='bbox 85 2529 119 2570; x_wconf 86' lang='lat' dir='ltr'><strong>ae</strong></span> <span class='ocrx_word' id='word_1_246' title='bbox 138 2509 248 2569; x_wconf 80' lang='lat' dir='ltr'><strong>electos</strong></span> <span class='ocrx_word' id='word_1_247' title='bbox 265 2527 327 2570; x_wconf 80' lang='lat' dir='ltr'><strong>enee</strong></span> <span class='ocrx_word' id='word_1_248' title='bbox 345 2515 430 2568; x_wconf 77' lang='lat' dir='ltr'><strong>teetm</strong></span> <span class='ocrx_word' id='word_1_249' title='bbox 449 2525 485 2568; x_wconf 88' lang='lat' dir='ltr'><strong>ac</strong></span> <span class='ocrx_word' id='word_1_250' title='bbox 502 2527 660 2588; x_wconf 72' lang='lat' dir='ltr'><strong>praecones</strong></span> <span class='ocrx_word' id='word_1_251' title='bbox 674 2470 789 2581; x_wconf 63' lang='lat' dir='ltr'><strong>Chriat’i,</strong></span> <span class='ocrx_word' id='word_1_252' title='bbox 808 2514 839 2568; x_wconf 89' lang='lat' dir='ltr'><strong>et</strong></span> <span class='ocrx_word' id='word_1_253' title='bbox 858 2527 891 2568; x_wconf 86' lang='lat' dir='ltr'><strong>oe</strong></span> <span class='ocrx_word' id='word_1_254' title='bbox 905 2507 964 2567; x_wconf 75' lang='lat' dir='ltr'><strong>‘eibi</strong></span> <span class='ocrx_word' id='word_1_255' title='bbox 984 2508 1119 2568; x_wconf 72' lang='lat' dir='ltr'><strong>divinitus</strong></span> <span class='ocrx_word' id='word_1_256' title='bbox 1138 2527 1222 2590; x_wconf 86' lang='lat' dir='ltr'><strong>aper·</strong></span> 
     </span>
     <span class='ocr_line' id='line_1_29' title="bbox 85 2586 1220 2672; baseline -0.002 -22"><span class='ocrx_word' id='word_1_257' title='bbox 85 2597 159 2650; x_wconf 89' lang='lat' dir='ltr'><strong>tum.</strong></span> <span class='ocrx_word' id='word_1_258' title='bbox 200 2586 336 2668; x_wconf 73' lang='lat' dir='ltr'><strong>Quisque</strong></span> <span class='ocrx_word' id='word_1_259' title='bbox 354 2607 423 2670; x_wconf 77' lang='lat' dir='ltr'><strong>ergo</strong></span> <span class='ocrx_word' id='word_1_260' title='bbox 441 2588 585 2650; x_wconf 73' lang='lat' dir='ltr'><strong>silentium</strong></span> <span class='ocrx_word' id='word_1_261' title='bbox 603 2591 733 2672; x_wconf 85' lang='lat' dir='ltr'><strong>imperat,</strong></span> <span class='ocrx_word' id='word_1_262' title='bbox 752 2586 809 2649; x_wconf 90' lang='lat' dir='ltr'><strong>Dei</strong></span> <span class='ocrx_word' id='word_1_263' title='bbox 828 2589 957 2668; x_wconf 81' lang='lat' dir='ltr'><strong>gratiam,</strong></span> <span class='ocrx_word' id='word_1_264' title='bbox 977 2595 1117 2668; x_wconf 84' lang='lat' dir='ltr'><strong>quantum</strong></span> <span class='ocrx_word' id='word_1_265' title='bbox 1136 2591 1167 2648; x_wconf 89' lang='lat' dir='ltr'><strong>in</strong></span> <span class='ocrx_word' id='word_1_266' title='bbox 1187 2607 1220 2648; x_wconf 88' lang='lat' dir='ltr'><strong>ae</strong></span> 
     </span>
     <span class='ocr_line' id='line_1_30' title="bbox 85 2665 1222 2750; baseline -0.002 -20"><span class='ocrx_word' id='word_1_267' title='bbox 85 2676 145 2744; x_wconf 81' lang='lat' dir='ltr'><strong>est,</strong></span> <span class='ocrx_word' id='word_1_268' title='bbox 175 2676 206 2730; x_wconf 86' lang='lat' dir='ltr'><strong>et</strong></span> <span class='ocrx_word' id='word_1_269' title='bbox 228 2668 348 2728; x_wconf 73' lang='lat' dir='ltr'><strong>salutm</strong></span> <span class='ocrx_word' id='word_1_270' title='bbox 371 2668 520 2728; x_wconf 85' lang='lat' dir='ltr'><strong>homiuum</strong></span> <span class='ocrx_word' id='word_1_271' title='bbox 544 2668 658 2730; x_wconf 88' lang='lat' dir='ltr'><strong>abolere</strong></span> <span class='ocrx_word' id='word_1_272' title='bbox 682 2670 790 2730; x_wconf 84' lang='lat' dir='ltr'><strong>nititur.</strong></span> <span class='ocrx_word' id='word_1_273' title='bbox 835 2665 949 2747; x_wconf 75' lang='lat' dir='ltr'><strong>Quodsi</strong></span> <span class='ocrx_word' id='word_1_274' title='bbox 967 2673 1027 2728; x_wconf 85' lang='lat' dir='ltr'><strong>lam</strong></span> <span class='ocrx_word' id='word_1_275' title='bbox 1047 2669 1134 2750; x_wconf 79' lang='lat' dir='ltr'><strong>impia</strong></span> <span class='ocrx_word' id='word_1_276' title='bbox 1151 2687 1222 2749; x_wconf 79' lang='lat' dir='ltr'><strong>pru-</strong></span> 
     </span>
     <span class='ocr_line' id='line_1_31' title="bbox 84 2745 1218 2830; baseline -0.001 -21"><span class='ocrx_word' id='word_1_277' title='bbox 84 2748 188 2810; x_wconf 81' lang='lat' dir='ltr'><strong>nibitto</strong></span> <span class='ocrx_word' id='word_1_278' title='bbox 208 2767 242 2808; x_wconf 81' lang='lat' dir='ltr'><strong>os</strong></span> <span class='ocrx_word' id='word_1_279' title='bbox 260 2746 342 2808; x_wconf 86' lang='lat' dir='ltr'><strong>nebia</strong></span> <span class='ocrx_word' id='word_1_280' title='bbox 362 2748 498 2824; x_wconf 81' lang='lat' dir='ltr'><strong>obstruit,</strong></span> <span class='ocrx_word' id='word_1_281' title='bbox 528 2767 582 2810; x_wconf 89' lang='lat' dir='ltr'><strong>vae</strong></span> <span class='ocrx_word' id='word_1_282' title='bbox 606 2758 720 2810; x_wconf 86' lang='lat' dir='ltr'><strong>nostrae</strong></span> <span class='ocrx_word' id='word_1_283' title='bbox 743 2750 881 2830; x_wconf 79' lang='lat' dir='ltr'><strong>ignaviae.</strong></span> <span class='ocrx_word' id='word_1_284' title='bbox 925 2745 1010 2808; x_wconf 92' lang='lat' dir='ltr'><strong>Nune</strong></span> <span class='ocrx_word' id='word_1_285' title='bbox 1029 2749 1144 2810; x_wconf 83' lang='lat' dir='ltr'><strong>videant</strong></span> <span class='ocrx_word' id='word_1_286' title='bbox 1163 2751 1218 2809; x_wconf 82' lang='lat' dir='ltr'><strong>ein·</strong></span> 
     </span>
    </p>

    <p class='ocr_par' dir='ltr' id='par_1_7' title="bbox 82 2827 1313 3869">
     <span class='ocr_line' id='line_1_32' title="bbox 135 2827 1245 2911; baseline 0.005 -23"><span class='ocrx_word' id='word_1_287' title='bbox 135 2831 142 2846; x_wconf 86' lang='grc'><em>·</em></span> <span class='ocrx_word' id='word_1_288' title='bbox 163 2847 250 2910; x_wconf 79' lang='lat' dir='ltr'><strong>quum</strong></span> <span class='ocrx_word' id='word_1_289' title='bbox 270 2827 308 2889; x_wconf 80' lang='lat' dir='ltr'><strong>ab</strong></span> <span class='ocrx_word' id='word_1_290' title='bbox 326 2829 397 2910; x_wconf 84' lang='lat' dir='ltr'><strong>ipeie</strong></span> <span class='ocrx_word' id='word_1_291' title='bbox 415 2827 622 2891; x_wconf 84' lang='lat' dir='ltr'><strong>oouleeaiouem</strong></span> <span class='ocrx_word' id='word_1_292' title='bbox 636 2828 718 2902; x_wconf 87' lang='lat' dir='ltr'><strong>Deua</strong></span> <span class='ocrx_word' id='word_1_293' title='bbox 735 2829 873 2911; x_wconf 77' lang='lat' dir='ltr'><strong>postulet,</strong></span> <span class='ocrx_word' id='word_1_294' title='bbox 892 2848 939 2904; x_wconf 91' lang='lat' dir='ltr'><strong>ne,</strong></span> <span class='ocrx_word' id='word_1_295' title='bbox 959 2828 1009 2890; x_wconf 89' lang='lat' dir='ltr'><strong>nbi</strong></span> <span class='ocrx_word' id='word_1_296' title='bbox 1028 2831 1170 2902; x_wconf 79' lang='lat' dir='ltr'><strong>tacuerint</strong></span> <span class='ocrx_word' id='word_1_297' title='bbox 1188 2831 1219 2891; x_wconf 90' lang='lat' dir='ltr'><strong>iu</strong></span> <span class='ocrx_word' id='word_1_298' title='bbox 1237 2884 1245 2894; x_wconf 94' lang='lat'><em>.</em></span> 
     </span>
     <span class='ocr_line' id='line_1_33' title="bbox 103 2907 1220 2990; baseline -0.001 -20"><span class='ocrx_word' id='word_1_299' title='bbox 103 2911 232 2970; x_wconf 90' lang='lat' dir='ltr'><strong>ominum</strong></span> <span class='ocrx_word' id='word_1_300' title='bbox 261 2909 393 2990; x_wconf 79' lang='lat' dir='ltr'><strong>gratiam,</strong></span> <span class='ocrx_word' id='word_1_301' title='bbox 422 2907 586 2986; x_wconf 80' lang='lat' dir='ltr'><strong>horribilem</strong></span> <span class='ocrx_word' id='word_1_302' title='bbox 614 2929 652 2970; x_wconf 81' lang='lat' dir='ltr'><strong>ex</strong></span> <span class='ocrx_word' id='word_1_303' title='bbox 682 2929 733 2972; x_wconf 88' lang='lat' dir='ltr'><strong>ore</strong></span> <span class='ocrx_word' id='word_1_304' title='bbox 760 2909 866 2970; x_wconf 78' lang='lat' dir='ltr'><strong>Christi</strong></span> <span class='ocrx_word' id='word_1_305' title='bbox 890 2929 991 2970; x_wconf 84' lang='lat' dir='ltr'><strong>vocem</strong></span> <span class='ocrx_word' id='word_1_306' title='bbox 1021 2909 1138 2969; x_wconf 87' lang='lat' dir='ltr'><strong>audiunt</strong></span> <span class='ocrx_word' id='word_1_307' title='bbox 1162 2927 1220 2990; x_wconf 84' lang='lat' dir='ltr'><strong>qua</strong></span> 
     </span>
     <span class='ocr_line' id='line_1_34' title="bbox 82 2989 1219 3070; baseline -0.003 -20"><span class='ocrx_word' id='word_1_308' title='bbox 82 2990 359 3060; x_wconf 50' lang='lat' dir='ltr'><strong>damnetursseerum</strong></span> <span class='ocrx_word' id='word_1_309' title='bbox 384 2989 510 3070; x_wconf 89' lang='lat' dir='ltr'><strong>perfidia.</strong></span> <span class='ocrx_word' id='word_1_310' title='bbox 559 2989 731 3049; x_wconf 80' lang='lat' dir='ltr'><strong>Praesertim</strong></span> <span class='ocrx_word' id='word_1_311' title='bbox 755 3007 824 3049; x_wconf 86' lang='lat' dir='ltr'><strong>vero</strong></span> <span class='ocrx_word' id='word_1_312' title='bbox 849 2991 898 3068; x_wconf 89' lang='lat' dir='ltr'><strong>qui</strong></span> <span class='ocrx_word' id='word_1_313' title='bbox 918 2989 953 3048; x_wconf 73' lang='lat' dir='ltr'><strong>uel</strong></span> <span class='ocrx_word' id='word_1_314' title='bbox 975 2989 1094 3048; x_wconf 85' lang='lat' dir='ltr'><strong>docendi</strong></span> <span class='ocrx_word' id='word_1_315' title='bbox 1114 3005 1219 3049; x_wconf 86' lang='lat' dir='ltr'><strong>munus</strong></span> 
     </span>
     <span class='ocr_line' id='line_1_35' title="bbox 82 3063 1313 3163; baseline -0.002 -33"><span class='ocrx_word' id='word_1_316' title='bbox 82 3071 180 3130; x_wconf 84' lang='lat' dir='ltr'><strong>vocati</strong></span> <span class='ocrx_word' id='word_1_317' title='bbox 199 3076 276 3144; x_wconf 85' lang='lat' dir='ltr'><strong>eunt,</strong></span> <span class='ocrx_word' id='word_1_318' title='bbox 304 3069 392 3128; x_wconf 84' lang='lat' dir='ltr'><strong>nullia</strong></span> <span class='ocrx_word' id='word_1_319' title='bbox 410 3068 561 3130; x_wconf 84' lang='lat' dir='ltr'><strong>hominnm</strong></span> <span class='ocrx_word' id='word_1_320' title='bbox 579 3069 673 3144; x_wconf 78' lang='lat' dir='ltr'><strong>minis,</strong></span> <span class='ocrx_word' id='word_1_321' title='bbox 702 3069 783 3128; x_wconf 89' lang='lat' dir='ltr'><strong>nullo</strong></span> <span class='ocrx_word' id='word_1_322' title='bbox 803 3069 914 3163; x_wconf 89' lang='lat' dir='ltr'><strong>imperii</strong></span> <span class='ocrx_word' id='word_1_323' title='bbox 934 3063 1031 3128; x_wconf 86' lang='lat' dir='ltr'><strong>colore</strong></span> <span class='ocrx_word' id='word_1_324' title='bbox 1051 3077 1219 3142; x_wconf 86' lang='lat' dir='ltr'><strong>terreantur,</strong></span> <span class='ocrx_word' id='word_1_325' title='bbox 1304 3065 1313 3098; x_wconf 85' lang='lat'><strong><em>‘</em></strong></span> 
     </span>
     <span class='ocr_line' id='line_1_36' title="bbox 125 3147 1221 3230; baseline -0.002 -20"><span class='ocrx_word' id='word_1_326' title='bbox 125 3151 156 3210; x_wconf 86' lang='lat' dir='ltr'><strong>‘u</strong></span> <span class='ocrx_word' id='word_1_327' title='bbox 173 3148 262 3218; x_wconf 77' lang='lat' dir='ltr'><strong>libere</strong></span> <span class='ocrx_word' id='word_1_328' title='bbox 280 3156 474 3230; x_wconf 80' lang='lat' dir='ltr'><strong>exsequantur</strong></span> <span class='ocrx_word' id='word_1_329' title='bbox 493 3149 573 3230; x_wconf 84' lang='lat' dir='ltr'><strong>quod</strong></span> <span class='ocrx_word' id='word_1_330' title='bbox 585 3148 644 3212; x_wconf 81' lang='lat' dir='ltr'><strong>‚eibi</strong></span> <span class='ocrx_word' id='word_1_331' title='bbox 662 3159 681 3210; x_wconf 80' lang='lat' dir='ltr'><strong>a</strong></span> <span class='ocrx_word' id='word_1_332' title='bbox 699 3147 826 3210; x_wconf 87' lang='lat' dir='ltr'><strong>Domino</strong></span> <span class='ocrx_word' id='word_1_333' title='bbox 846 3149 1004 3210; x_wconf 86' lang='lat' dir='ltr'><strong>minuetum</strong></span> <span class='ocrx_word' id='word_1_334' title='bbox 1024 3167 1085 3206; x_wconf 85' lang='lat' dir='ltr'><strong>ease</strong></span> <span class='ocrx_word' id='word_1_335' title='bbox 1105 3157 1221 3208; x_wconf 78' lang='lat' dir='ltr'><strong>nonunt.</strong></span> 
     </span>
     <span class='ocr_line' id='line_1_37' title="bbox 83 3169 1221 3310; baseline -0.002 -22"><span class='ocrx_word' id='word_1_336' title='bbox 83 3169 149 3290; x_wconf 41' lang='lat' dir='ltr'><strong>vele</strong></span> <span class='ocrx_word' id='word_1_337' title='bbox 167 3227 247 3302; x_wconf 80' lang='lat' dir='ltr'><strong>milri,</strong></span> <span class='ocrx_word' id='word_1_338' title='bbox 265 3227 482 3310; x_wconf 81' lang='lat' dir='ltr'><strong>iuquitPaulun,</strong></span> <span class='ocrx_word' id='word_1_339' title='bbox 501 3230 555 3290; x_wconf 88' lang='lat' dir='ltr'><strong>uisi</strong></span> <span class='ocrx_word' id='word_1_340' title='bbox 575 3225 766 3308; x_wconf 71' lang='lat' dir='ltr'><strong>evangelizem</strong></span> <span class='ocrx_word' id='word_1_341' title='bbox 787 3228 852 3306; x_wconf 86' lang='lat' dir='ltr'><strong>quia</strong></span> <span class='ocrx_word' id='word_1_342' title='bbox 873 3247 977 3287; x_wconf 87' lang='lat' dir='ltr'><strong>munna</strong></span> <span class='ocrx_word' id='word_1_343' title='bbox 997 3227 1067 3286; x_wconf 80' lang='lat' dir='ltr'><strong>milri</strong></span> <span class='ocrx_word' id='word_1_344' title='bbox 1081 3227 1221 3307; x_wconf 73' lang='lat' dir='ltr'><strong>cruditum</strong></span> 
     </span>
     <span class='ocr_line' id='line_1_38' title="bbox 84 3303 1223 3388; baseline -0.001 -21"><span class='ocrx_word' id='word_1_345' title='bbox 84 3315 131 3367; x_wconf 83' lang='lat' dir='ltr'><strong>eet</strong></span> <span class='ocrx_word' id='word_1_346' title='bbox 179 3305 411 3388; x_wconf 78' lang='lat' dir='ltr'><strong>.cor.n‚16.).</strong></span> <span class='ocrx_word' id='word_1_347' title='bbox 461 3306 523 3383; x_wconf 82' lang='lat' dir='ltr'><strong>Nec</strong></span> <span class='ocrx_word' id='word_1_348' title='bbox 551 3307 705 3387; x_wconf 81' lang='lat' dir='ltr'><strong>tyrannicis</strong></span> <span class='ocrx_word' id='word_1_349' title='bbox 730 3307 817 3366; x_wconf 88' lang='lat' dir='ltr'><strong>medo</strong></span> <span class='ocrx_word' id='word_1_350' title='bbox 843 3305 998 3366; x_wconf 84' lang='lat' dir='ltr'><strong>homiuum</strong></span> <span class='ocrx_word' id='word_1_351' title='bbox 1016 3307 1140 3386; x_wconf 81' lang='lat' dir='ltr'><strong>imperiis</strong></span> <span class='ocrx_word' id='word_1_352' title='bbox 1165 3303 1223 3366; x_wconf 76' lang='lat' dir='ltr'><strong>lieo</strong></span> 
     </span>
     <span class='ocr_line' id='line_1_39' title="bbox 83 3385 1221 3470; baseline -0.003 -23"><span class='ocrx_word' id='word_1_353' title='bbox 83 3386 142 3447; x_wconf 89' lang='lat' dir='ltr'><strong>Dei</strong></span> <span class='ocrx_word' id='word_1_354' title='bbox 162 3387 328 3448; x_wconf 77' lang='lat' dir='ltr'><strong>mandatnm</strong></span> <span class='ocrx_word' id='word_1_355' title='bbox 347 3407 493 3470; x_wconf 77' lang='lat' dir='ltr'><strong>oppenere</strong></span> <span class='ocrx_word' id='word_1_356' title='bbox 513 3395 636 3469; x_wconf 85' lang='lat' dir='ltr'><strong>oportet,</strong></span> <span class='ocrx_word' id='word_1_357' title='bbox 656 3387 706 3448; x_wconf 84' lang='lat' dir='ltr'><strong>sed</strong></span> <span class='ocrx_word' id='word_1_358' title='bbox 726 3387 880 3446; x_wconf 75' lang='lat' dir='ltr'><strong>obstaculis</strong></span> <span class='ocrx_word' id='word_1_359' title='bbox 901 3385 1041 3458; x_wconf 78' lang='lat' dir='ltr'><strong>omnibus,</strong></span> <span class='ocrx_word' id='word_1_360' title='bbox 1062 3404 1137 3465; x_wconf 85' lang='lat' dir='ltr'><strong>quae</strong></span> <span class='ocrx_word' id='word_1_361' title='bbox 1156 3385 1221 3444; x_wconf 82' lang='lat' dir='ltr'><strong>eub-</strong></span> 
     </span>
     <span class='ocr_line' id='line_1_40' title="bbox 82 3463 1221 3548; baseline -0.004 -20"><span class='ocrx_word' id='word_1_362' title='bbox 82 3468 151 3528; x_wconf 84' lang='lat' dir='ltr'><strong>inde</strong></span> <span class='ocrx_word' id='word_1_363' title='bbox 179 3467 390 3548; x_wconf 76' lang='lat' dir='ltr'><strong>ingerit-Setun</strong></span> <span class='ocrx_word' id='word_1_364' title='bbox 419 3469 455 3528; x_wconf 82' lang='lat' dir='ltr'><strong>ml</strong></span> <span class='ocrx_word' id='word_1_365' title='bbox 485 3468 672 3548; x_wconf 76' lang='lat' dir='ltr'><strong>lrnugeudum</strong></span> <span class='ocrx_word' id='word_1_366' title='bbox 695 3467 743 3528; x_wconf 87' lang='lat' dir='ltr'><strong>vel</strong></span> <span class='ocrx_word' id='word_1_367' title='bbox 762 3465 971 3547; x_wconf 83' lang='lat' dir='ltr'><strong>prohibendum</strong></span> <span class='ocrx_word' id='word_1_368' title='bbox 990 3463 1138 3544; x_wconf 75' lang='lat' dir='ltr'><strong>Evangelii</strong></span> <span class='ocrx_word' id='word_1_369' title='bbox 1158 3483 1221 3524; x_wconf 89' lang='lat' dir='ltr'><strong>cur-</strong></span> 
     </span>
     <span class='ocr_line' id='line_1_41' title="bbox 82 3543 1222 3630; baseline -0.007 -21"><span class='ocrx_word' id='word_1_370' title='bbox 82 3567 157 3609; x_wconf 77' lang='lat' dir='ltr'><strong>cum.</strong></span> <span class='ocrx_word' id='word_1_371' title='bbox 198 3546 283 3608; x_wconf 89' lang='lat' dir='ltr'><strong>Dure</strong></span> <span class='ocrx_word' id='word_1_372' title='bbox 302 3551 379 3610; x_wconf 86' lang='lat' dir='ltr'><strong>enirn</strong></span> <span class='ocrx_word' id='word_1_373' title='bbox 399 3549 504 3630; x_wconf 88' lang='lat' dir='ltr'><strong>clypeo</strong></span> <span class='ocrx_word' id='word_1_374' title='bbox 523 3567 542 3626; x_wconf 82' lang='lat' dir='ltr'><strong>o</strong></span> <span class='ocrx_word' id='word_1_375' title='bbox 562 3568 596 3607; x_wconf 85' lang='lat' dir='ltr'><strong>ua</strong></span> <span class='ocrx_word' id='word_1_376' title='bbox 617 3547 716 3608; x_wconf 84' lang='lat' dir='ltr'><strong>estad</strong></span> <span class='ocrx_word' id='word_1_377' title='bbox 736 3547 916 3606; x_wconf 78' lang='lat' dir='ltr'><strong>sustinendos</strong></span> <span class='ocrx_word' id='word_1_378' title='bbox 936 3553 994 3606; x_wconf 89' lang='lat' dir='ltr'><strong>tum</strong></span> <span class='ocrx_word' id='word_1_379' title='bbox 1014 3565 1114 3626; x_wconf 79' lang='lat' dir='ltr'><strong>gmvee</strong></span> <span class='ocrx_word' id='word_1_380' title='bbox 1133 3543 1222 3606; x_wconf 86' lang='lat' dir='ltr'><strong>insul-</strong></span> 
     </span>
     <span class='ocr_line' id='line_1_42' title="bbox 83 3569 1222 3705; baseline -0.001 -19"><span class='ocrx_word' id='word_1_381' title='bbox 83 3633 140 3688; x_wconf 83' lang='lat' dir='ltr'><strong>tus.</strong></span> <span class='ocrx_word' id='word_1_382' title='bbox 180 3625 243 3687; x_wconf 79' lang='lat' dir='ltr'><strong>llos</strong></span> <span class='ocrx_word' id='word_1_383' title='bbox 268 3629 394 3688; x_wconf 79' lang='lat' dir='ltr'><strong>sentiunt</strong></span> <span class='ocrx_word' id='word_1_384' title='bbox 419 3647 518 3689; x_wconf 78' lang='lat' dir='ltr'><strong>omnes</strong></span> <span class='ocrx_word' id='word_1_385' title='bbox 539 3569 646 3688; x_wconf 60' lang='lat' dir='ltr'><strong>ghristi</strong></span> <span class='ocrx_word' id='word_1_386' title='bbox 670 3627 805 3699; x_wconf 83' lang='lat' dir='ltr'><strong>ministri,</strong></span> <span class='ocrx_word' id='word_1_387' title='bbox 834 3645 935 3686; x_wconf 86' lang='lat' dir='ltr'><strong>verum</strong></span> <span class='ocrx_word' id='word_1_388' title='bbox 955 3625 1092 3705; x_wconf 83' lang='lat' dir='ltr'><strong>quioquid</strong></span> <span class='ocrx_word' id='word_1_389' title='bbox 1111 3623 1222 3686; x_wconf 84' lang='lat' dir='ltr'><strong>aecidat</strong></span> 
     </span>
     <span class='ocr_line' id='line_1_43' title="bbox 84 3704 1222 3789; baseline 0 -24"><span class='ocrx_word' id='word_1_390' title='bbox 84 3707 132 3765; x_wconf 81' lang='lat' dir='ltr'><strong>lnio</strong></span> <span class='ocrx_word' id='word_1_391' title='bbox 150 3715 195 3766; x_wconf 82' lang='lat' dir='ltr'><strong>eet</strong></span> <span class='ocrx_word' id='word_1_392' title='bbox 213 3727 313 3768; x_wconf 71' lang='lat' dir='ltr'><strong>mutua</strong></span> <span class='ocrx_word' id='word_1_393' title='bbox 333 3709 471 3782; x_wconf 74' lang='lat' dir='ltr'><strong>aheneus,</strong></span> <span class='ocrx_word' id='word_1_394' title='bbox 491 3706 557 3768; x_wconf 90' lang='lat' dir='ltr'><strong>Deo</strong></span> <span class='ocrx_word' id='word_1_395' title='bbox 577 3708 691 3789; x_wconf 87' lang='lat' dir='ltr'><strong>plaeere</strong></span> <span class='ocrx_word' id='word_1_396' title='bbox 710 3705 858 3788; x_wconf 81' lang='lat' dir='ltr'><strong>Evangelii</strong></span> <span class='ocrx_word' id='word_1_397' title='bbox 876 3705 1130 3789; x_wconf 82' lang='lat' dir='ltr'><strong>praedicationem,</strong></span> <span class='ocrx_word' id='word_1_398' title='bbox 1155 3704 1222 3765; x_wconf 87' lang='lat' dir='ltr'><strong>ideo</strong></span> 
     </span>
     <span class='ocr_line' id='line_1_44' title="bbox 85 3786 1205 3869; baseline -0.004 -15"><span class='ocrx_word' id='word_1_399' title='bbox 85 3786 219 3854; x_wconf 47' lang='lat' dir='ltr'><strong>hellade</strong></span> <span class='ocrx_word' id='word_1_400' title='bbox 238 3807 323 3853; x_wconf 71' lang='lat' dir='ltr'><strong>ennae</strong></span> <span class='ocrx_word' id='word_1_401' title='bbox 344 3807 429 3868; x_wconf 65' lang='lat' dir='ltr'><strong>posse</strong></span> <span class='ocrx_word' id='word_1_402' title='bbox 447 3809 513 3850; x_wconf 87' lang='lat' dir='ltr'><strong>eam</strong></span> <span class='ocrx_word' id='word_1_403' title='bbox 532 3789 679 3869; x_wconf 82' lang='lat' dir='ltr'><strong>supprimi·</strong></span> <span class='ocrx_word' id='word_1_404' title='bbox 881 3808 885 3816; x_wconf 74' lang='grc'><em>“</em></span> <span class='ocrx_word' id='word_1_405' title='bbox 1202 3793 1205 3800; x_wconf 85' lang='grc'><strong>“</strong></span> 
     </span>
    </p>

    <p class='ocr_par' dir='ltr' id='par_1_8' title="bbox 78 3865 1224 4512">
     <span class='ocr_line' id='line_1_45' title="bbox 165 3865 1223 3942; baseline -0.002 -16"><span class='ocrx_word' id='word_1_406' title='bbox 165 3870 213 3926; x_wconf 80' lang='lat'><strong>21.</strong></span> <span class='ocrx_word' id='word_1_407' title='bbox 252 3871 306 3930; x_wconf 83' lang='lat' dir='ltr'><strong>Illt</strong></span> <span class='ocrx_word' id='word_1_408' title='bbox 330 3891 398 3930; x_wconf 86' lang='lat' dir='ltr'><strong>uere</strong></span> <span class='ocrx_word' id='word_1_409' title='bbox 424 3872 536 3942; x_wconf 75' lang='lat' dir='ltr'><strong>additia</strong></span> <span class='ocrx_word' id='word_1_410' title='bbox 557 3877 656 3930; x_wconf 73' lang='lat' dir='ltr'><strong>mirate.</strong></span> <span class='ocrx_word' id='word_1_411' title='bbox 701 3866 757 3930; x_wconf 88' lang='lat' dir='ltr'><strong>Hie</strong></span> <span class='ocrx_word' id='word_1_412' title='bbox 785 3872 829 3928; x_wconf 88' lang='lat' dir='ltr'><strong>est</strong></span> <span class='ocrx_word' id='word_1_413' title='bbox 858 3885 927 3926; x_wconf 89' lang='lat' dir='ltr'><strong>vero</strong></span> <span class='ocrx_word' id='word_1_414' title='bbox 956 3865 1088 3926; x_wconf 80' lang='lat' dir='ltr'><strong>factionis</strong></span> <span class='ocrx_word' id='word_1_415' title='bbox 1118 3865 1223 3942; x_wconf 77' lang='lat' dir='ltr'><strong>exitus,</strong></span> 
     </span>
     <span class='ocr_line' id='line_1_46' title="bbox 82 3933 1222 4028; baseline -0.001 -23"><span class='ocrx_word' id='word_1_416' title='bbox 82 3944 168 4026; x_wconf 26' lang='lat' dir='ltr'><strong>quod,</strong></span> <span class='ocrx_word' id='word_1_417' title='bbox 185 3947 263 4028; x_wconf 89' lang='lat' dir='ltr'><strong>impii</strong></span> <span class='ocrx_word' id='word_1_418' title='bbox 284 3967 367 4008; x_wconf 81' lang='lat' dir='ltr'><strong>auum</strong></span> <span class='ocrx_word' id='word_1_419' title='bbox 386 3949 494 4010; x_wconf 89' lang='lat' dir='ltr'><strong>rabiem</strong></span> <span class='ocrx_word' id='word_1_420' title='bbox 513 3949 610 4009; x_wconf 78' lang='lat' dir='ltr'><strong>efflare</strong></span> <span class='ocrx_word' id='word_1_421' title='bbox 629 3933 688 4008; x_wconf 80' lang='grc' dir='ltr'><strong>ιἰοιι</strong></span> <span class='ocrx_word' id='word_1_422' title='bbox 708 3947 856 4022; x_wconf 82' lang='lat' dir='ltr'><strong>desinunt,</strong></span> <span class='ocrx_word' id='word_1_423' title='bbox 886 3946 1037 4008; x_wconf 82' lang='lat' dir='ltr'><strong>frenantur</strong></span> <span class='ocrx_word' id='word_1_424' title='bbox 1062 3951 1159 4006; x_wconf 85' lang='lat' dir='ltr'><strong>tumen</strong></span> <span class='ocrx_word' id='word_1_425' title='bbox 1179 3963 1222 4004; x_wconf 86' lang='lat' dir='ltr'><strong>ur·</strong></span> 
     </span>
     <span class='ocr_line' id='line_1_47' title="bbox 80 4024 1222 4108; baseline -0.001 -23"><span class='ocrx_word' id='word_1_426' title='bbox 80 4043 155 4086; x_wconf 86' lang='lat' dir='ltr'><strong>cana</strong></span> <span class='ocrx_word' id='word_1_427' title='bbox 174 4024 232 4086; x_wconf 86' lang='lat' dir='ltr'><strong>Dei</strong></span> <span class='ocrx_word' id='word_1_428' title='bbox 251 4029 374 4105; x_wconf 87' lang='lat' dir='ltr'><strong>virtute,</strong></span> <span class='ocrx_word' id='word_1_429' title='bbox 402 4037 437 4090; x_wconf 86' lang='lat' dir='ltr'><strong>nt</strong></span> <span class='ocrx_word' id='word_1_430' title='bbox 460 4029 516 4090; x_wconf 85' lang='lat' dir='ltr'><strong>illie</strong></span> <span class='ocrx_word' id='word_1_431' title='bbox 539 4029 662 4090; x_wconf 85' lang='lat' dir='ltr'><strong>nocendi</strong></span> <span class='ocrx_word' id='word_1_432' title='bbox 687 4029 734 4088; x_wconf 84' lang='lat' dir='ltr'><strong>via</strong></span> <span class='ocrx_word' id='word_1_433' title='bbox 753 4049 812 4089; x_wconf 93' lang='lat' dir='ltr'><strong>non</strong></span> <span class='ocrx_word' id='word_1_434' title='bbox 832 4033 936 4108; x_wconf 85' lang='lat' dir='ltr'><strong>pateat.</strong></span> <span class='ocrx_word' id='word_1_435' title='bbox 986 4024 1046 4102; x_wconf 81' lang='lat' dir='ltr'><strong>Qui</strong></span> <span class='ocrx_word' id='word_1_436' title='bbox 1067 4024 1100 4084; x_wconf 80' lang='lat' dir='ltr'><strong>m</strong></span> <span class='ocrx_word' id='word_1_437' title='bbox 1118 4033 1153 4085; x_wconf 89' lang='lat' dir='ltr'><strong>ut</strong></span> <span class='ocrx_word' id='word_1_438' title='bbox 1170 4026 1222 4084; x_wconf 84' lang='lat' dir='ltr'><strong>mi·</strong></span> 
     </span>
     <span class='ocr_line' id='line_1_48' title="bbox 80 4104 1223 4190; baseline -0.003 -18"><span class='ocrx_word' id='word_1_439' title='bbox 80 4107 124 4172; x_wconf 76' lang='lat' dir='ltr'><strong>ule</strong></span> <span class='ocrx_word' id='word_1_440' title='bbox 156 4109 300 4185; x_wconf 78' lang='lat' dir='ltr'><strong>conteuti,</strong></span> <span class='ocrx_word' id='word_1_441' title='bbox 330 4129 390 4170; x_wconf 87' lang='lat' dir='ltr'><strong>non</strong></span> <span class='ocrx_word' id='word_1_442' title='bbox 414 4109 543 4170; x_wconf 80' lang='lat' dir='ltr'><strong>saeviant</strong></span> <span class='ocrx_word' id='word_1_443' title='bbox 561 4111 648 4172; x_wconf 88' lang='lat' dir='ltr'><strong>elium</strong></span> <span class='ocrx_word' id='word_1_444' title='bbox 666 4111 697 4168; x_wconf 92' lang='lat' dir='ltr'><strong>in</strong></span> <span class='ocrx_word' id='word_1_445' title='bbox 716 4127 851 4190; x_wconf 86' lang='lat' dir='ltr'><strong>corpora,</strong></span> <span class='ocrx_word' id='word_1_446' title='bbox 879 4109 934 4168; x_wconf 73' lang='lat' dir='ltr'><strong>uisi</strong></span> <span class='ocrx_word' id='word_1_447' title='bbox 958 4106 1037 4188; x_wconf 84' lang='lat' dir='ltr'><strong>quod</strong></span> <span class='ocrx_word' id='word_1_448' title='bbox 1057 4104 1113 4166; x_wconf 80' lang='lat' dir='ltr'><strong>liei</strong></span> <span class='ocrx_word' id='word_1_449' title='bbox 1131 4106 1223 4178; x_wconf 68' lang='lat' dir='ltr'><strong>virleu</strong></span> 
     </span>
     <span class='ocr_line' id='line_1_49' title="bbox 79 4186 1224 4284; baseline 0 -38"><span class='ocrx_word' id='word_1_450' title='bbox 79 4191 221 4268; x_wconf 82' lang='lat' dir='ltr'><strong>tunquam</strong></span> <span class='ocrx_word' id='word_1_451' title='bbox 241 4195 343 4250; x_wconf 71' lang='lat' dir='ltr'><strong>uatem</strong></span> <span class='ocrx_word' id='word_1_452' title='bbox 363 4190 428 4250; x_wconf 87' lang='lat' dir='ltr'><strong>illos</strong></span> <span class='ocrx_word' id='word_1_453' title='bbox 448 4190 635 4272; x_wconf 71' lang='lat' dir='ltr'><strong>constringit?</strong></span> <span class='ocrx_word' id='word_1_454' title='bbox 674 4187 740 4250; x_wconf 91' lang='lat' dir='ltr'><strong>Non</strong></span> <span class='ocrx_word' id='word_1_455' title='bbox 760 4188 838 4284; x_wconf 74' lang='lat' dir='ltr'><strong>quod</strong></span> <span class='ocrx_word' id='word_1_456' title='bbox 858 4187 934 4270; x_wconf 82' lang='lat' dir='ltr'><strong>apud</strong></span> <span class='ocrx_word' id='word_1_457' title='bbox 954 4206 1004 4246; x_wconf 89' lang='lat' dir='ltr'><strong>eos</strong></span> <span class='ocrx_word' id='word_1_458' title='bbox 1024 4186 1118 4246; x_wconf 85' lang='lat' dir='ltr'><strong>valeat</strong></span> <span class='ocrx_word' id='word_1_459' title='bbox 1137 4188 1224 4246; x_wconf 84' lang='lat' dir='ltr'><strong>timer</strong></span> 
     </span>
     <span class='ocr_line' id='line_1_50' title="bbox 78 4263 1223 4352; baseline 0.002 -28"><span class='ocrx_word' id='word_1_460' title='bbox 78 4263 154 4340; x_wconf 87' lang='lat' dir='ltr'><strong>Dei,</strong></span> <span class='ocrx_word' id='word_1_461' title='bbox 185 4285 254 4329; x_wconf 78' lang='lat' dir='ltr'><strong>nam</strong></span> <span class='ocrx_word' id='word_1_462' title='bbox 283 4267 363 4328; x_wconf 77' lang='lat' dir='ltr'><strong>eolus</strong></span> <span class='ocrx_word' id='word_1_463' title='bbox 393 4269 493 4352; x_wconf 90' lang='lat' dir='ltr'><strong>populi</strong></span> <span class='ocrx_word' id='word_1_464' title='bbox 522 4275 669 4350; x_wconf 79' lang='lat' dir='ltr'><strong>respectus</strong></span> <span class='ocrx_word' id='word_1_465' title='bbox 694 4289 744 4330; x_wconf 87' lang='lat' dir='ltr'><strong>eos</strong></span> <span class='ocrx_word' id='word_1_466' title='bbox 768 4268 899 4348; x_wconf 88' lang='lat' dir='ltr'><strong>unpedit:</strong></span> <span class='ocrx_word' id='word_1_467' title='bbox 931 4267 980 4326; x_wconf 84' lang='lat' dir='ltr'><strong>aed</strong></span> <span class='ocrx_word' id='word_1_468' title='bbox 1006 4265 1149 4326; x_wconf 84' lang='lat' dir='ltr'><strong>Dominus</strong></span> <span class='ocrx_word' id='word_1_469' title='bbox 1173 4285 1223 4326; x_wconf 88' lang='lat' dir='ltr'><strong>eos</strong></span> 
     </span>
     <span class='ocr_line' id='line_1_51' title="bbox 81 4336 1224 4431; baseline -0.003 -26"><span class='ocrx_word' id='word_1_470' title='bbox 81 4347 244 4407; x_wconf 71' lang='lat' dir='ltr'><strong>nescientes</strong></span> <span class='ocrx_word' id='word_1_471' title='bbox 266 4349 334 4408; x_wconf 77' lang='lat' dir='ltr'><strong>euin</strong></span> <span class='ocrx_word' id='word_1_472' title='bbox 353 4350 480 4408; x_wconf 78' lang='lat' dir='ltr'><strong>vinculis</strong></span> <span class='ocrx_word' id='word_1_473' title='bbox 504 4349 602 4431; x_wconf 48' lang='lat' dir='ltr'><strong>ligato</strong></span> <span class='ocrx_word' id='word_1_474' title='bbox 628 4336 718 4409; x_wconf 74' lang='lat' dir='ltr'><strong>Nobis</strong></span> <span class='ocrx_word' id='word_1_475' title='bbox 741 4367 811 4408; x_wconf 83' lang='lat' dir='ltr'><strong>vere</strong></span> <span class='ocrx_word' id='word_1_476' title='bbox 831 4346 922 4410; x_wconf 77' lang='lat' dir='ltr'><strong>Lucae</strong></span> <span class='ocrx_word' id='word_1_477' title='bbox 942 4345 999 4407; x_wconf 85' lang='lat' dir='ltr'><strong>Dei</strong></span> <span class='ocrx_word' id='word_1_478' title='bbox 1018 4347 1224 4428; x_wconf 73' lang='lat' dir='ltr'><strong>praevidentium</strong></span> 
     </span>
     <span class='ocr_line' id='line_1_52' title="bbox 83 4425 1224 4512; baseline -0.007 -24"><span class='ocrx_word' id='word_1_479' title='bbox 83 4427 321 4496; x_wconf 75' lang='lat' dir='ltr'><strong>commeatio</strong></span> <span class='ocrx_word' id='word_1_480' title='bbox 340 4429 524 4493; x_wconf 72' lang='lat' dir='ltr'><strong>ementiendo</strong></span> <span class='ocrx_word' id='word_1_481' title='bbox 542 4449 660 4494; x_wconf 85' lang='lat' dir='ltr'><strong>auorum</strong></span> <span class='ocrx_word' id='word_1_482' title='bbox 680 4431 784 4506; x_wconf 83' lang='lat' dir='ltr'><strong>salute,</strong></span> <span class='ocrx_word' id='word_1_483' title='bbox 809 4434 838 4490; x_wconf 88' lang='lat' dir='ltr'><strong>et</strong></span> <span class='ocrx_word' id='word_1_484' title='bbox 858 4429 989 4512; x_wconf 75' lang='lat' dir='ltr'><strong>quamviu</strong></span> <span class='ocrx_word' id='word_1_485' title='bbox 1008 4428 1111 4508; x_wconf 76' lang='lat' dir='ltr'><strong>impios</strong></span> <span class='ocrx_word' id='word_1_486' title='bbox 1130 4425 1224 4495; x_wconf 86' lang='lat' dir='ltr'><strong>lateat,</strong></span> 
     </span>
    </p>
   </div>
   <div class='ocr_carea' id='block_1_5' title="bbox 0 0 1398 4866">
    <p class='ocr_par' dir='ltr' id='par_1_9' title="bbox 0 0 1398 4866">
     <span class='ocr_line' id='line_1_53' title="bbox 0 0 1398 4866; baseline 0 0"><span class='ocrx_word' id='word_1_487' title='bbox 0 0 1398 4866; x_wconf 95' lang='lat' dir='ltr'><strong> </strong></span> 
     </span>
    </p>
   </div>
  </div>
 </body>
</html>
