2792 4856
563 245 692 316 casm
714 203 737 312 'u
1176 253 1214 316 aa

76 377 116 436 et
149 367 237 432 sollio
259 385 359 432 reram
385 361 532 428 stabilitate
557 368 674 450 copitar.
725 363 783 427 Per
806 382 914 426 nomen
931 373 1047 448 poetes
1068 367 1214 450 sphltuair

81 444 1213 608 tatrfflmlffittttittattit,”tilthtitle'titt

82 612 167 672 ferri:
187 612 247 670 acsi
265 609 389 670 dixisset
407 605 539 681 Gratiam,
559 626 615 687 qua
635 612 746 666 constat
759 603 841 686 Legis
860 607 976 680 veritas,
995 607 1025 666 in
1035 605 1145 668 Christo
1165 607 1212 670 de·

79 711 170 752 mum
178 689 342 751 exhibitam
355 686 446 746 luisse.
470 685 580 748 Veram
635 687 661 746 'a
674 687 751 746 idem
765 684 886 745 manebit
899 704 1010 758 sensus,
1031 687 1214 750 connectasne

79 789 123 830 en
145 771 231 831 distin
307 809 317 842 ,
334 785 431 848 param
449 766 574 827 interest.
594 707 797 844 1iliaqualun
811 771 920 824 eertum
934 771 987 840 est,
1007 762 1214 846 Evangelistam

79 850 175 926 velle,
193 788 528 986 inmemorem
542 845 681 906 duntaxat
693 845 779 906 fuisse
792 844 978 926 spiritualium
993 843 1136 906 bonorum
1146 847 1214 906 ima·

102 931 111 945 “
195 949 205 988 a
234 928 265 988 in
341 927 348 940 ⁰
374 945 480 986 overe
499 926 589 986 solide
607 927 755 1006 praestari:
780 925 856 984 unde
875 925 1011 1004 seqnitur,
1031 925 1057 984 si
1075 923 1181 1005 Legem
1199 943 1217 986 a

78 949 216 1069 ffio
238 1025 358 1088 separes,
385 1005 457 1066 nibil
479 1005 538 1066 illic
562 1011 669 1066 restare
686 1010 798 1087 praeter
815 1005 913 1064 inanes
930 1004 1047 1086 figuras.
1086 1003 1156 1081 Qua
1174 1023 1216 1066 ra·

80 1089 177 1148 tione
199 1087 263 1147 dicit
280 1085 385 1146 Paulus
408 1085 446 1144 ad
465 1083 576 1181 (Joloss.
597 1086 699 1160 2,17.
728 1085 786 1144 illie
809 1103 871 1180 esse
893 1083 1031 1180 umbras,
1050 1084 1081 1146 in
1096 1083 1218 1180 'Christo

79 1164 534 1306 serutaremur
535 1161 1128 1325 addititiifflatthtlta
1139 1161 1219 1304 ita:

81 1327 142 1406 qui
161 1331 232 1386 esset
249 1327 280 1386 in
298 1323 375 1406 Lege
394 1331 548 1384 mortuum.
587 1324 647 1384 Sed
666 1323 714 1384 hie
732 1322 809 1384 aliud
828 1343 844 1384 a
864 1323 928 1396 tur,
949 1323 1018 1404 quid
1037 1324 1141 1384 edbert
1152 1321 1216 1386 lex

81 1424 143 1500 per
161 1424 191 1463 se
210 1411 239 1464 et
257 1404 366 1485 absque
380 1403 495 1464 Christo
514 1404 619 1464 valeat:
639 1410 725 1484 negat
743 1409 838 1466 autem
880 1403 1043 1483 vangelista,
1062 1403 1110 1483 qui
1167 1423 1216 1464 am

81 1503 117 1544 an
143 1503 177 1544 ea
200 1484 325 1545 solidum
347 1484 482 1558 inveniri,
513 1483 604 1546 donee
626 1484 663 1545 ad
683 1483 828 1544 Cluistum
847 1489 966 1544 ventum
985 1482 1078 1542 luerit
1147 1502 1214 1544 erro

81 1565 195 1624 veritas
214 1563 284 1623 haee
303 1564 334 1624 in
354 1583 389 1624 eo
410 1563 550 1637 consistit,
574 1563 652 1644 quod
691 1583 722 1624 er
741 1562 887 1624 Christum
906 1562 1066 1622 obtinemus
1085 1563 1214 1644 gratiam,

82 1661 176 1724 quam
195 1642 245 1703 lex
262 1643 380 1704 minime
399 1643 492 1724 potuit
510 1644 645 1706 conferre.
670 1584 774 1724 itaque
790 1641 905 1720 Gratiae
923 1661 1029 1702 nomm
1048 1643 1217 1723 generaliter

80 1723 287 1862 {iiiiii
304 1723 892 1866 ‘'‘iaiffitlttitttatlttih
906 1740 1217 1866 „titali-‘iltis

77 1880 214 1940 breviter
232 1887 314 1942 notet
331 1879 466 1962 Evange'
484 1889 521 1958 ta,
540 1881 631 1962 (quod
649 1883 740 1944 fusius
759 1881 926 1944 describitur
939 1881 1039 1944 larem.
1049 1887 1098 1946 31.
1112 1901 1141 1942 v.
1151 1881 1216 1960 31.)

125 1959 231 2039 iequid
257 1959 294 2020 ad
321 1961 498 2042 spiritualem
525 1963 658 2022 iustitiam
682 1967 801 2044 spectat,
828 1961 885 2022 hoo
902 1961 991 2022 verbo
1010 1961 1214 2043 complectitur.

8 2079 9 2088 a
71 1981 164 2097 Eue
184 2045 281 2098 autem
298 2038 372 2098 duae
391 2046 458 2098 snut
474 2046 578 2118 partes,
598 2041 676 2120 quod
694 2044 778 2121 gratis
797 2061 827 2100 se
845 2041 926 2102 nobis
944 2039 1026 2103 Deus
1044 2041 1217 2116 reconciliat,

8 2159 9 2172 ,
72 2121 217 2213 peccata
233 2135 292 2176 non
309 2117 490 2212 imputando:
514 2123 544 2176 et
561 2119 640 2196 quod
656 2119 750 2197 legem
767 2139 848 2180 suam
865 2120 996 2180 cordibus
1015 2122 1105 2182 inseui
1125 2123 1162 2194 it,
1181 2139 1217 2180 so

8 2219 9 2244 i
75 2202 171 2256 intus
201 2193 417 2276 perspiritum
445 2215 531 2256 suum
558 2197 588 2256 in
616 2195 691 2256 illius
719 2197 905 2258 obedientiam
923 2197 1051 2258 homines
1074 2143 1217 2258 reiormat.

80 2275 167 2336 nnde
188 2292 227 2353 ap
247 2281 307 2334 aret
325 2273 432 2354 Legem
451 2295 602 2355 perperam
621 2295 656 2336 ac
674 2277 747 2337 laiso
766 2277 885 2360 exponi,
914 2275 939 2336 si
963 2295 1036 2358 qnos
1053 2277 1084 2336 in
1103 2295 1134 2336 se
1153 2275 1218 2338 reti·

8 2369 9 2380 ¹
80 2359 166 2430 neat,
186 2371 207 2409 v
252 2353 389 2434 impediat
407 2357 561 2434 quominus
579 2355 616 2414 ad
636 2355 783 2417 Christum
802 2357 946 2416 accedant.

169 2435 219 2496 18.
238 2435 336 2494 Deam
354 2456 438 2494 nemo
457 2437 530 2495 vidit
548 2459 688 2518 aequom
710 2435 868 2516 Aptissima
882 2435 938 2496 hoc
949 2434 985 2496 ad
994 2434 1141 2516 proximae
1154 2453 1216 2498 sen·

85 2514 197 2574 tentiae
215 2510 457 2573 confirmationes
477 2514 611 2575 additum.
652 2515 785 2596 Cognitio
804 2517 880 2576 enim
899 2515 956 2576 Dei
974 2516 1055 2576 ianua
1075 2521 1132 2592 est,
1158 2535 1216 2596 qua

87 2593 124 2652 in
152 2592 290 2652 honorum
315 2595 442 2652 omnium
465 2594 626 2654 finitionem
650 2595 831 2675 ingredbuur.
880 2593 957 2677 Ergo
976 2615 1065 2676 quum
1083 2615 1115 2654 se
1132 2593 1214 2656 Deus

87 2671 175 2738 nohis
193 2691 245 2752 per
262 2671 356 2732 solum
376 2673 521 2733 Christum
540 2674 699 2753 patefaciat,
717 2675 785 2736 hine
803 2677 888 2736 chaun
905 2677 1098 2758 consequitur,
1117 2675 1215 2736 omnia

88 2771 108 2812 a
125 2751 241 2812 Christo
260 2751 379 2846 petenda
399 2772 469 2812 esse.
493 2751 571 2814 Haec
590 2755 735 2816 doddnae
753 2758 838 2816 series
857 2757 1002 2838 diligenter
1019 2756 1145 2817 notanda
1159 2762 1214 2816 est.

89 2829 171 2891 Nihil
198 2849 287 2911 magus
315 2833 415 2892 tritum
442 2832 562 2909 videtur,
592 2855 678 2914 apuam
703 2856 757 2917 pro
782 2835 848 2896 fidei
871 2855 938 2896 suae
962 2835 1049 2896 modo
1067 2837 1215 2918 percipere

91 2927 325 2992 uumquemque
339 2919 472 2980 nostrum
492 2933 565 2992 quae
583 2913 665 2974 Deus
683 2915 766 2975 nobis
785 2915 880 2976 oilert:
905 2917 955 2976 sed
974 2917 1058 2998 pauci
1077 2923 1145 2976 snut
1163 2916 1215 2995 qui

91 2992 312 3130 mgffii’fflm
336 2990 455 3088 fideict
477 2995 578 3088 notitia
597 2993 654 3054 Dei
677 2995 853 3090 adorandum
876 3015 938 3056 esse
1003 2995 1213 3064 ohauriamus.

91 3067 176 3290 ἐξ
197 3091 289 3210 omilin
294 3090 645 3236 aipibiiiuiirtiiiiglgbbtisubi
649 3075 754 3214 :digia
760 3082 949 3236 ngdiretidbtigl
959 3082 1118 3234 siginiiubii:1
1119 3092 1216 3232 qlffil

193 3229 284 3288 lucem
302 3229 410 3291 habitet
426 3231 609 3308 inaccessam,
638 3253 697 3294 non
715 3253 801 3314 posse
819 3235 873 3294 nisi
891 3237 921 3294 in
941 3231 1058 3292 Clhisto
1076 3234 1143 3290 viva
1164 3247 1216 3290 sua

93 3308 214 3386 imagine
236 3311 378 3390 cognosci.
417 3308 508 3370 Porro
532 3311 608 3372 hune
632 3312 728 3373 locum
750 3315 792 3372 ita
809 3314 895 3395 vulgo
914 3319 1075 3394 exponunt:
1115 3309 1216 3389 Quurn

92 3387 171 3448 nuda
189 3385 243 3448 Dei
265 3391 397 3450 maiestas
421 3389 452 3448 iu
475 3409 505 3447 se
529 3391 566 3448 sit
584 3390 762 3462 abscondita,
780 3411 925 3469 nunquam
933 3394 1068 3528 lpotuisse
1087 3409 1216 3468 eompre-

92 3465 193 3540 hendi,
217 3469 270 3528 nisi
294 3475 435 3549 qnatenus
460 3486 491 3524 se
514 3467 544 3526 in
570 3467 684 3527 Christo
709 3467 910 3527 manifestavit:
965 3489 1030 3530 eum
1053 3489 1121 3548 ergo
1145 3485 1217 3538 non-

93 3547 149 3606 nisi
167 3548 197 3608 in
216 3547 332 3608 Christo
351 3547 478 3630 patribus
498 3547 568 3606 olim
586 3547 672 3606 luisse
692 3566 727 3606 eo
766 3546 845 3605 itum.
884 3545 947 3626 Ege
966 3567 1035 3606 vcro
1054 3549 1150 3628 potius
1170 3543 1219 3602 hic

92 3625 303 3708 Evangelisinm
327 3629 357 3687 in
374 3626 587 3708 comparatione
610 3627 667 3684 iam
686 3625 722 3684 ad
742 3633 807 3686 ueta
826 3622 955 3686 insistere
974 3624 1079 3700 sentio,
1109 3629 1217 3704 quanta

92 3707 200 3766 scilicet
218 3715 316 3768 nostra
437 3712 553 3844 patrum
572 3705 696 3766 conditio
716 3707 753 3765 sit
770 3707 875 3789 potior,
895 3703 1050 3846 quialleus
1070 3705 1119 3786 qui
1137 3705 1216 3786 priua

91 3787 126 3846 in
144 3804 244 3847 armna
263 3807 315 3846 sun
333 3787 422 3868 goria
451 3785 560 3860 aiebat,
579 3806 610 3846 sc
628 3805 705 3846 nunc
724 3788 896 3868 quodammo
916 3807 935 3846 o
954 3783 1091 3848 visibilem
1109 3785 1214 3848 lecerit.

93 3865 167 3926 Nam
187 3874 264 3928 certe
283 3887 371 3946 quum
391 3872 510 3926 vocatur
529 3865 657 3928 Cluistus
676 3886 811 3948 expressa
829 3867 886 3928 Dei
904 3868 1008 3947 imago,
1026 3865 1055 3926 id
1074 3867 1111 3931 ad
1129 3887 1215 3950 pecn-

93 3946 162 4006 liarc
180 3947 251 4018 novi
264 3945 435 4006 Testamenti
453 3945 620 4006 beneficium
639 3948 763 4027 pertinet
775 3947 875 4026 (Heba.
886 3951 914 4020 1,
925 3948 966 4028 3).
996 3945 1045 4008 sie
1059 3951 1145 4010 ctiam
1158 3944 1215 4008 boe

92 4026 157 4086 loeo
176 4023 357 4106 Evangelistu
375 4045 483 4084 novum
502 4033 531 4086 et
549 4027 694 4086 insolitum
712 4028 846 4108 quiddam
870 4028 1008 4109 designat,
1038 4049 1127 4108 quum
1147 4023 1214 4088 Uni-

91 4105 231 4186 genitum,
250 4105 300 4185 qui
319 4105 428 4164 eratin
447 4105 510 4165 sinn
522 4103 625 4182 Patris,
644 4105 725 4167 nobis
744 4109 994 4190 exposuissedieit
1013 4109 1090 4188 quod
1109 4107 1216 4186 alioqui

91 4187 239 4246 oeudtnm
257 4191 328 4244 erat.
365 4182 422 4244 Dei
440 4203 472 4244 er
490 4205 508 4243 o
528 4186 789 4254 manifestationem.
809 4208 882 4268 quae
900 4209 952 4270 per
964 4187 1151 4268 Evangelium
1163 4205 1215 4246 no·

90 4264 135 4326 bis
152 4266 243 4326 allata
262 4271 314 4340 est,
334 4205 521 4340 commendet,
544 4267 574 4326 in
593 4286 650 4347 qua
668 4287 722 4328 nos
741 4288 758 4329 a
776 4267 907 4330 Patribus
926 4269 1066 4336 discernit,
1091 4269 1216 4345 iecitque

89 4345 145 4406 iliis
166 4345 342 4426 superiorem
361 4345 599 4425 quemadmodum
618 4353 649 4408 et
666 4343 773 4409 Paulus
791 4349 880 4410 fusius
899 4355 1004 4410 haemi
1023 4345 1215 4424 (11.0orirrth.

90 4427 160 4490 (let
180 4425 225 4504 4).
265 4421 380 4488 Nullum
398 4425 484 4503 euim,
501 4432 533 4488 ut
551 4425 604 4490 sub
623 4425 709 4511 Lege,
727 4427 848 4511 amplius
867 4429 964 4490 volum
982 4445 1045 4487 esse
1065 4425 1216 4505 praedicat,
1235 4431 1237 4438 '
