2838 4848
130 313 133 324 ,
202 251 240 312 98
583 240 620 300 Ill
641 235 780 301 uvalis.
800 233 929 299 tolita,
998 281 1004 294 .

204 361 337 424 meumst.
376 355 448 416 llius
467 351 531 414 oolli
587 376 621 415 us
639 355 751 436 proprie
769 353 844 412 laune
862 352 976 414 titulum
996 352 1094 413 sterili
1104 353 1220 416 Christo
1241 377 1312 437 qua-

205 450 286 503 tenus
303 439 333 498 iu
352 455 435 496 eume
453 434 527 494 mani
539 441 640 495 estatm
657 439 709 492 est
1197 459 1207 482 ο

282 520 329 580 27.
369 514 407 575 Et
431 521 597 594 potestatem
615 514 692 573 dedtt
710 519 745 571 et.
793 509 896 570 lterum
915 511 1016 590 repetit
1034 510 1130 572 datum
1149 514 1203 573 sibi
1223 515 1311 574 fuisso

205 598 351 678 imperium
369 591 490 664 aPutre,
509 603 541 654 ut
558 593 669 674 plenam
688 596 717 650 et
734 590 763 648 in
782 590 861 650 ooelo
881 593 909 648 et
927 590 956 648 iu
974 595 1048 648 tuna
1065 609 1161 652 rerum
1181 595 1311 654 omnium

205 679 369 760 potatam
387 670 494 730 hebui.
526 663 657 736 Ἐζουσὶα
675 667 721 728 llle
739 667 900 748 dignllalem
918 667 1062 748 signidem
1080 674 1220 734 iudicium
1238 691 1310 732 vero

225 775 259 815 ro
276 752 408 832 regimine
425 755 454 808 et
472 747 588 828 imperio
607 747 754 826 accipitur,
783 750 839 806 aosi
862 749 965 807 dioeret
982 747 1166 809 constitutum
1184 771 1245 810 esso
1263 751 1309 810 Fi-

205 775 274 894 lum
297 849 390 911 regem
413 825 545 898 epatre,
574 826 623 902 qui
650 825 786 908 muudum
809 825 944 906 gubernet
966 831 1053 905 atque
1071 836 1198 888 exeroeat
1216 829 1309 890 Patris

150 953 154 962 .
181 913 291 993 ·ipsius
319 913 492 989 potestatem.
541 901 624 961 Ratio
692 923 725 964 ae
753 923 821 963 mox
850 903 994 964 subiicitur
1017 905 1154 986 imprimis
1177 909 1310 980 notanda,

204 1001 273 1075 quio
292 989 387 1048 Filium
410 990 533 1045 dominis
555 991 605 1041 est.
676 981 796 1066 iguilieat
819 983 893 1043 enlm
920 989 979 1042 tam
1001 985 1151 1064 magnifiee
1165 993 1311 1123 lpotestate

204 1069 361 1129 ordinatum
380 1065 490 1144 prodire
509 1061 544 1121 ad
563 1060 697 1135 hommes,
716 1069 749 1121 ut
766 1063 820 1122 illis
839 1063 1027 1121 oouuuuuiuet
1045 1063 1156 1142 quoda
1190 1069 1251 1124 alre
1265 1083 1309 1124 ao

204 1148 284 1226 oepit.
325 1143 447 1221 Quidam
466 1161 524 1202 uou
537 1139 620 1236 'aliud
638 1141 693 1201 hoo
711 1142 775 1200 looo
794 1141 967 1279 dioioputuut
991 1159 1077 1220 quum
1096 1143 1177 1239 quud·
1193 1143 1310 1203 habetur

202 1221 416 1373 lleldesllslllluslll
430 1219 694 1380 iplulllnlllrliaulasll
704 1222 895 1359 9ἱίιιζιιίιᾳειὲιίιὶ
905 1219 1042 1358 Qualis,
1047 1222 1309 1378 seqllrldllrllmllllllll

202 1376 1062 1536 distillastiprtttilffltlilss
1072 1376 1211 1517 lliltl
1222 1379 1309 1518 iiii

202 1557 289 1618 gerru,
309 1544 361 1596 eto
400 1535 458 1594 Sed
477 1555 494 1594 e
512 1555 530 1594 o
550 1533 659 1615 lougius
677 1498 812 1608 extendo'}
842 1535 985 1594 Christum
1060 1542 1141 1596 tenus
1158 1537 1246 1597 lromo
1265 1545 1310 1596 est

202 1618 275 1675 vitae
295 1622 438 1674 auctorem
457 1555 566 1674 atltae
584 1613 670 1672 luisse
689 1615 855 1687 ordinatum,
874 1631 911 1673 ue
929 1631 999 1694 prou
1048 1614 1128 1674 uobis
1187 1617 1309 1676 uerenda

202 1695 244 1754 sit.
283 1691 382 1774 Neque
401 1695 474 1752 euim
494 1692 545 1752 sibi
566 1691 693 1752 coaetus
712 1695 818 1773 aoeepit
836 1693 917 1772 quasi
940 1691 1088 1774 indigeret,
1195 1703 1228 1753 ut
1256 1715 1310 1754 uos

201 1773 383 1868 locupletaret
407 1791 457 1831 suu
482 1770 631 1852 opulentia.
681 1771 797 1832 Summa
821 1779 877 1832 eet:
906 1769 1081 1832 Patelaotum
1099 1773 1181 1832 uotis
1199 1793 1260 1834 esso
1279 1775 1309 1832 in

201 1849 315 1910 Christo
334 1851 447 1910 lromine
466 1850 543 1930 quod
560 1852 590 1910 iu
609 1847 673 1910 Deo
691 1851 864 1910 reoouditum
882 1857 953 1924 erat,
980 1857 1010 1910 et
1028 1851 1116 1910 vitum
1135 1853 1213 1932 prius
1233 1855 1307 1911 inae·

202 1947 308 1988 cessam
326 1947 403 1988 uuae
421 1929 450 1988 in
469 1935 603 2010 promptu
620 1947 689 1990 esse.
719 1927 807 2006 Quod
826 1935 920 1990 auteur
939 1929 1065 1989 uouuulll
1083 1932 1219 1990 rationem
1228 1931 1309 1990 ltuuo

201 2027 218 2066 a
237 2027 289 2066 suo
310 2013 446 2066 eoutextu
464 2007 590 2068 avulsam
609 2009 736 2087 sequenti
754 2008 881 2068 membro
905 2013 1089 2085 connectunt,
1117 2015 1247 2070 metum
1265 2015 1311 2070 ost

201 2091 229 2144 et
248 2103 265 2144 a
285 2084 390 2145 Christi
409 2093 502 2146 mente
520 2086 650 2146 alienum

278 2167 325 2228 28.
345 2166 393 2224 Ne
411 2173 554 2225 ιιιίιιιιιίιιι·
573 2167 634 2226 too.
660 2165 779 2228 Videtur
797 2187 897 2249 parum
912 2168 1038 2250 apposite
1054 2170 1219 2242 ratiooiuam
1240 2169 1308 2229 dum

201 2244 260 2302 eius
280 2241 356 2322 quod
376 2243 485 2306 dixerat
504 2243 742 2306 confirmationem
763 2246 797 2306 ab
817 2249 914 2308 ultima
932 2247 1134 2307 ressurectione
1151 2249 1234 2328 potii:
1259 2265 1308 2306 ne·

201 2339 257 2402 que
275 2323 348 2380 euim
369 2323 458 2380 maius
478 2328 521 2381 est
539 2339 657 2418 corpora
676 2327 790 2386 excitari
809 2345 893 2406 qrram
913 2327 1026 2386 animas.
1050 2325 1228 2407 Bosporum,
1245 2345 1307 2384 uon

201 2419 237 2458 ex
256 2417 286 2458 re
305 2401 365 2478 ipsa
385 2400 431 2459 hio
448 2407 685 2480 comparationem
705 2403 765 2464 lieri
784 2407 898 2465 maioris
913 2411 945 2464 et
964 2406 1087 2480 minoris,
1106 2403 1155 2464 sod
1168 2405 1306 2466 exhomi-

200 2495 269 2534 uum
288 2495 380 2536 seusu.
430 2476 502 2537 Nam
521 2487 553 2538 ut
571 2487 638 2540 suut
656 2483 778 2542 carnales
797 2485 866 2544 nihil
885 2485 1021 2544 mirantur
1039 2485 1093 2544 uisi
1111 2491 1257 2544 extumum
1277 2492 1307 2544 et

200 2552 315 2612 visibile.
345 2553 418 2614 Hine
435 2555 468 2615 tit
487 2562 519 2615 ut
537 2560 645 2619 animae
659 2565 888 2624 resurrectionem
906 2563 998 2623 securi
1014 2569 1197 2644 praetereant,
1216 2565 1307 2623 camis
1325 2581 1331 2594 ·

200 2636 295 2689 sutem
314 2635 478 2692 resurreetio
497 2635 561 2714 plus
580 2637 681 2698 habeut
704 2658 720 2699 u
740 2639 779 2699 ud
802 2659 851 2701 eos
874 2643 1071 2702 admuutiouis.
1120 2643 1212 2702 Simul
1242 2643 1307 2702 lacit

202 2725 295 2768 massa
315 2707 384 2769 haee
397 2719 494 2771 nostra
507 2715 661 2794 stupiditas,
681 2657 809 2800 utlouge
819 2721 883 2800 plus
893 2721 928 2780 ad
938 2719 1093 2781 faciundam
1102 2721 1186 2782 iidem
1197 2723 1308 2781 valeant

200 2805 275 2924 ffirue
295 2789 383 2848 oeulis
402 2799 562 2868 seruantur,
582 2811 666 2874 quam
687 2816 759 2877 quus
777 2799 837 2858 sola
851 2797 1015 2879 iideoouoip
1023 2809 1160 2938 ippssuut.
1186 2799 1307 2880 Quiado

1077 2923 1086 2953 ι

231 2866 300 2924 timo
320 2865 364 2925 die
383 2871 507 2930 meminit
526 2891 584 2932 nou
603 2876 722 2955 amplius
739 2875 850 2937 additur
868 2880 1004 2940 restrictio
1110 2892 1137 2940 et
1156 2902 1235 2941 suune
1253 2891 1306 2956 est,

201 2942 250 3002 sed
262 2951 379 3028 tempus
398 2947 546 3028 aliquando
565 2953 625 3012 lore
649 2955 810 3035 simpliciter
831 2960 1001 3038 pronuntiat.
1049 2957 1154 3017 Verum
1183 2962 1307 3019 occurrit

201 3023 287 3081 altera
307 3028 443 3104 exeeptio.
473 3025 545 3088 Nam
558 3033 611 3091 etsi
624 3031 720 3093 fideles
730 3053 763 3094 eo
800 3055 881 3095 orum
898 3039 1122 3098 resurrectionem
1132 3045 1305 3118 exspectant,

174 3183 176 3188 Ι
200 3121 258 3160 nou
277 3112 395 3182 possunt
412 3112 505 3166 tamen
525 3111 584 3168 eius
602 3113 717 3172 notitiae
735 3115 816 3174 inniti
835 3123 867 3175 ut
885 3123 1006 3176 statuant
1024 3135 1099 3176 nuno
1113 3117 1218 3176 aumas
1233 3118 1306 3197 eripi

201 3189 336 3275 remorto,
355 3186 420 3262 quia
439 3185 506 3246 olim
525 3205 642 3270 eomors
662 3211 678 3251 e
697 3194 831 3273 sepulcris
850 3195 1110 3276 resurgentdpud
1123 3197 1306 3276 impiosvero

200 3259 267 3348 quid
287 3262 373 3338 magis
393 3262 540 3346 ridiculum
556 3288 640 3347 quam
655 3270 790 3352 ignotum,
809 3276 1032 3354 utvulgosiuat
1051 3277 1306 3372 perignotiuspro·

200 3335 285 3396 bare?
313 3335 488 3420 despondeo,
509 3345 554 3406 hio
568 3345 712 3409 Christum
730 3351 765 3411 de
784 3371 834 3412 sua
853 3356 977 3434 potentia
995 3355 1108 3435 gloriari
1122 3356 1196 3451 apud
1210 3375 1305 3434 repro·

199 3414 250 3475 bos
261 3423 292 3475 ut
300 3423 432 3481 testatum
442 3423 524 3483 faeiat
553 3427 644 3489 lenam
653 3449 747 3489 rerum
757 3433 881 3492 onmium
890 3433 1118 3493 instaurationem
1128 3435 1179 3494 ubi
1195 3432 1304 3494 al‘otre

199 3495 435 3594 mandatamusse,
454 3505 510 3598 posi
526 3445 642 3568 ‹lloerut2
712 3511 749 3569 od
763 3511 1136 3585 nuueameiuelroaridieo‚
1156 3513 1305 3592 aliquando

199 3573 251 3633 sub
271 3571 359 3636 oeulis
378 3586 476 3641 vestris
496 3583 647 3645 absolvam.
698 3595 802 3650 toede
821 3591 898 3670 quod
916 3611 992 3652 nuno
1009 3589 1054 3650 Es
1124 3593 1154 3650 lii
1173 3595 1217 3650 sui
1236 3611 1307 3652 rouo

198 3653 304 3714 animas
323 3656 375 3752 sub
394 3660 507 3720 interitu
526 3662 665 3724 demersus
686 3666 814 3728 Christus
833 3669 963 3744 vivifiout
982 3672 1011 3730 id
1108 3671 1172 3730 dam
1191 3671 1307 3730 ultimae

198 3739 407 3797 resurremus
436 3741 609 3819 praeludium
638 3750 689 3804 est
731 3743 822 3806 Porro
887 3751 912 3809 'u
935 3757 1027 3810 totum
1067 3769 1199 3810 umanum
1219 3769 1307 3831 gaius

198 3809 487 3974 &luffeld
498 3821 1178 3968 titulatavitalitatis-titi
1203 3829 1308 3968 ‚tlt

197 3959 262 4019 dem
281 3979 351 4024 νοω
368 3973 568 4068 pertpuheodos
583 3979 669 4039 mmet
688 3987 718 4040 et
732 3981 868 4046 sistendos
887 3987 923 4046 ad
942 3987 1001 4047 eius
1020 3987 1150 4048 tribuual.
1176 3949 1309 4046 ’Surium

197 4043 306 4134 tautum
326 4047 457 4140 sepulcris
475 4055 598 4116 inclusos
616 4061 761 4122 nominat?
780 4064 860 4143 quasi
877 4067 1027 4148 participes
1041 4067 1250 4127 resurreetionis
1264 4067 1308 4124 su·
1411 4073 1412 4080 ’

196 4121 328 4214 tuu‘uou
349 4133 403 4220 srpt
421 4131 477 4223 alii,
496 4135 555 4194 sive
575 4137 623 4216 qui
642 4139 786 4222 naufragio
805 4146 948 4224 perierunt
966 4145 1014 4204 vel
1034 4165 1051 4206 s
1070 4145 1165 4206 besilio
1184 4145 1309 4206 suutde-
1411 4195 1412 4208 ,

198 4200 354 4292 vorauret
373 4221 402 4262 ιιι
421 4227 540 4273 eruemur
559 4213 670 4276 redacti.
695 4215 801 4280 Vermn
821 4226 886 4302 quta
901 4224 1014 4306 sepeliri
1023 4223 1313 4286 communitersoleut

196 4279 310 4352 ”mltis
334 4299 385 4360 Per
408 4289 603 4382 syueodoolieu
622 4313 720 4357 omnes
738 4299 867 4382 intelligit
886 4305 935 4384 qui
955 4303 1063 4384 pridem
1083 4305 1215 4366 exstincti
1234 4311 1312 4364 suut.

89 4443 93 4448 Ι
196 4354 291 4434 Atque
309 4355 364 4420 ltoe
383 4381 470 4444 magus
489 4371 677 4451 emphatieum
695 4383 738 4436 est
758 4397 843 4460 qurum
867 4383 890 4442 si
909 4390 1037 4444 mortuos
1056 4391 1166 4446 tautum
1186 4383 1312 4444 dixisset.
