2786 4866
92 347 260 484 tm.
285 328 583 474 itm&
597 330 1228 498 writttttrtlttrtt

92 501 248 585 pervelim
422 507 502 574 ¹orgo
521 497 581 552 tam
599 493 703 574 procul
721 493 859 556 distemus
877 513 896 554 a
914 514 1003 576 regno
1022 493 1089 562 Dei.
1109 515 1227 560 ueceaaa

93 589 140 644 ert
158 586 191 640 ut
208 595 268 638 non
287 573 378 636 modo
397 576 451 634 noe
469 569 507 632 ad
525 589 558 632 ee
575 571 685 648 invitet,
704 574 755 635 red
774 573 910 654 utflonge
928 582 1059 655 porrecta
1077 595 1165 638 manu
1184 595 1227 638 aa·

94 663 184 724 lutrio
200 656 288 718 nobie
306 653 458 716 fruendum
475 649 618 714 exhiheri.
666 651 700 714 ld
724 654 824 714 seciam
841 654 872 714 in
892 651 1009 716 Christo
1026 675 1107 716 nuno
1122 654 1229 718 Petrua

93 742 186 814 deret,
206 737 277 818 qnia
295 735 360 796 ideo
379 735 410 793 in
428 739 535 792 terram
553 731 709 804 deseendit,
727 741 760 794 ut
773 735 895 794 ealutn
910 735 1141 796 aecumafferret.
1166 733 1229 798 Nee

93 841 164 882 vere
298 822 328 876 at
340 815 408 874 huie
421 811 574 886 doctrinae,
593 813 671 894 quud
681 811 811 884 Christua
820 831 907 894 aupra
917 833 1015 875 omnes
1025 815 1122 876 coelos
1131 835 1228 878 urceo·

94 902 138 962 (lit
157 897 218 978 (Ep
240 941 248 956 .
280 895 368 973 ‚rot
397 890 472 954 Nam
489 891 555 954 ideo
574 912 688 954 caruem
706 900 833 956 nocuum
852 895 941 956 semol
958 895 1058 972 induit,
1077 901 1111 956 ut
1129 915 1231 978 perpe-

95 989 183 1041 tuum
202 981 280 1036 erret
297 974 454 1056 adoptionis
471 977 586 1034 nostrae
605 974 716 1054 pignus.
741 972 918 1039 Sacrificium
927 977 1027 1036 mortio
1037 994 1104 1036 auae
1113 975 1228 1040 Patrem

97 1058 185 1122 nobie
204 1057 235 1118 iu
253 1061 398 1117 aetum
415 1053 551 1135 puerit:
570 1053 744 1136 rerurgendo
758 1055 848 1114 vitum
867 1061 1011 1116 aeternam
1030 1055 1113 1116 nobia
1132 1058 1228 1138 acqui·

100 1135 179 1200 airit.
218 1133 301 1196 Nunc
323 1151 440 1216 quaque
457 1131 539 1196 nobie
558 1132 652 1209 adest,
675 1139 709 1194 ut
731 1133 858 1196 fructum
876 1141 1007 1196 aeternae
1026 1135 1121 1199 redem
1142 1137 1230 1200 ttoni·

216 1315 247 1356 ru
402 1315 413 1354 r
896 1315 917 1354 u
1024 1313 1059 1353 ue

100 1319 152 1448 dit,
171 1373 245 1453 Quin
263 1373 401 1436 aaeeudct
418 1373 449 1434 iu
466 1373 593 1448 eoelum,
616 1369 704 1434 Rom.
722 1333 821 1448 10,'o.
860 1370 973 1452 Quodsi
983 1316 1081 1456 1itroire
1095 1377 1230 1436 'omnium

98 1456 200 1518 animis
224 1454 361 1516 incideret
384 1451 622 1526 lraecdoatriur,
650 1452 765 1514 aedaue
787 1460 883 1514 eramt
901 1459 947 1514 tot
965 1453 1001 1514 de
1019 1453 1118 1514 salatia
1137 1457 1231 1516 cauria

98 1535 322 1608 ornnem-ire,
341 1532 444 1615 quibua
462 1529 688 1636 hodievergtur
706 1531 840 1594 Eerleaia.
879 1531 1017 1594 Fateatur
1027 1529 1161 1614 Papietae
1179 1554 1233 1596 no·

96 1616 218 1689 birrum,
236 1613 359 1676 aetutem
378 1614 491 1676 nonnisi
508 1609 616 1674 iuDeo
632 1631 705 1686 erae,
723 1612 774 1674 aed
792 1633 862 1672 mox
881 1613 1046 1674 innumerae
1064 1615 1126 1674 eiua
1145 1633 1234 1695 quae:
1314 1670 1316 1697 ,

97 1695 207 1758 rendre
225 1695 349 1754 rationes
368 1693 421 1754 eibi
440 1691 585 1754 lebrioaot.
614 1691 719 1755 Petrur
737 1699 833 1752 autem
851 1692 889 1752 ad
908 1692 1000 1752 solum
1011 1692 1159 1754 Christum
1177 1714 1233 1756 noa

101 1780 229 1844 revocata
266 1771 378 1855 Negare
397 1773 511 1854 quidem
530 1791 649 1854 proreua
666 1791 725 1834 non
744 1772 850 1832 rudent
867 1771 919 1846 illi,
938 1773 1059 1834 salutem
1071 1773 1233 1836 nobiaoou·

101 1852 416 1936 ierriperCluirlom.
440 1851 940 1916 redduntotadminioulrooulin
999 1853 1232 1922 urimonte-i-

102 1953 183 1996 mam
201 1933 298 1994 aalntir
316 1939 428 2015 portem
446 1931 488 1992 illi
505 1931 613 1994 iaciunt
631 1931 780 1992 residuam.
805 1931 896 2011 Atqui
957 1951 990 1992 ua
1010 1932 1040 1990 in
1059 1931 1182 1994 solidum
1197 1931 1233 1994 ab

207 2012 281 2074 enda
298 2019 373 2074 erat:
394 2011 448 2073 alia
467 2013 543 2074 enim
562 2013 659 2074 omniu
676 2011 769 2071 media
788 2009 857 2070 dum
877 2011 971 2092 palam
984 2011 1111 2070 exeludit
1120 2011 1232 2086 Petrae,

100 2019 258 2234 {riudam
276 2093 477 2190 iateffurnque
492 2091 623 2164 salutern,
641 2110 701 2156 uon
712 2091 836 2170 ahquam
845 2089 984 2186 duntaxat
992 2095 1113 2170 parturn,
1131 2091 1233 2154 ineolo

128 2174 220 2236 lrrrato
239 2179 347 2235 etotrut.
387 2171 431 2236 lte
449 2170 573 2236 multum
592 2171 672 2234 abeat
691 2190 761 2256 anu
780 2169 855 2234 hano
874 2169 1032 2236 doctrinam
1051 2175 1174 2232 teneant.

193 2375 248 2444 13.
280 2371 431 2442 Videntes
453 2383 560 2442 antem
581 2359 668 2443 Petri
688 2371 836 2441 fiduciam
862 2383 895 2441 et
914 2369 1055 2457 loannis,
1087 2381 1120 2442 et
1146 2397 1235 2466 repu·
1276 2387 1285 2400 '

103 2479 209 2552 muter
232 2465 486 2572 quod'horninca
513 2489 621 2550 esseut
651 2479 785 2548 illiterati
812 2489 846 2549 et
871 2479 1001 2562 idiotae,
1034 2467 1237 2566 mirabantur,

106 2586 379 2682 agnoscebantque
401 2609 473 2674 eos,
501 2587 588 2678 quod
610 2609 685 2656 curn
705 2585 779 2654 lesu
801 2585 943 2655 dissent.
990 2582 1042 2653 14.
1063 2579 1237 2656 Hominem

104 2719 184 2766 vero
206 2693 348 2764 videntes
370 2715 445 2762 cum
466 2693 544 2784 ipsis
564 2703 710 2772 stantem,
733 2691 788 2784 qui
810 2703 938 2761 sanatus
960 2691 1071 2776 luerat,
1093 2692 1169 2759 nihil
1186 2693 1238 2762 ha·

102 2801 222 2872 bobant
243 2800 332 2893 quod
353 2799 610 2869 contradicerent.
656 2799 709 2869 15.
738 2797 835 2868 lussis
857 2811 966 2868 eutem
986 2799 1063 2892 ipsis
1086 2800 1238 2871 excedere

101 2931 144 2978 ex
167 2907 311 2992 coneilio,
333 2905 554 2974 consultabant
572 2906 655 2975 inter
675 2927 720 2991 re,
766 2905 817 2972 16.
838 2903 1012 2974 Dicentem
1046 2905 1130 2992 Quid
1152 2907 1241 2978 fecie·

100 3038 178 3084 mue
209 3011 396 3082 horninibus
427 3012 517 3080 istie?
566 3009 701 3104 Signum
728 3011 812 3078 euim
834 3021 948 3080 notum
971 3011 1090 3078 editum
1113 3024 1161 3081 est
1182 3037 1240 3108 per
1339 3064 1343 3078 .

102 3144 173 3206 eor,
196 3119 345 3189 omnibus
365 3117 477 3194 incolis
492 3115 734 3207 Hierosolymae
755 3114 972 3184 manifestum:
993 3139 1053 3184 nec
1067 3141 1241 3208 possumne

66 3219 234 3326 'qnegare
266 3228 318 3298 17.
340 3223 407 3294 Sed
427 3248 469 3294 ne
490 3223 626 3314 amplius
648 3219 826 3314 divulgetur
847 3221 887 3296 ad
903 3221 1070 3312 populum,
1089 3223 1241 3294 minando

104 3331 268 3401 miremur
288 3331 357 3416 illis,
378 3353 420 3400 ne
442 3329 494 3399 cui
515 3329 685 3408 hominum
706 3325 840 3420 posthac
860 3327 1032 3416 loquantur
1053 3327 1085 3396 in
1108 3325 1172 3398 hoc
1187 3345 1243 3398 uo'-

102 3438 205 3508 mine.
253 3439 303 3506 18.
337 3437 431 3506 Tunc
458 3435 578 3504 vocetis
605 3433 697 3527 ipsis,
730 3431 955 3502 denuntiarunt
980 3456 1022 3502 ne
1045 3434 1176 3506 omnine
1198 3435 1242 3506 lo·

102 3553 290 3636 querentur,
310 3567 394 3614 neve
416 3543 567 3610 docerent
587 3541 622 3610 in
642 3539 772 3608 nomine
793 3538 876 3606 lesu.

186 3691 237 3752 13.
274 3685 331 3750 Hic
350 3687 470 3768 emergit
488 3685 563 3748 mela
582 3686 767 3748 conscientia:
796 3703 864 3746 nam
888 3685 950 3744 iure
974 3690 1005 3746 et
1028 3685 1138 3746 ratione
1157 3683 1243 3746 doru.

106 3766 164 3828 tuti
182 3767 337 3848 prosiliunt
356 3769 393 3828 ad
412 3764 591 3830 manifestam
609 3765 801 3845 tyrannidem,
821 3765 902 3824 cuins
922 3763 1163 3860 odiumeiiugere
1182 3773 1251 3828 ten:

106 3854 247 3908 tererent.
296 3845 427 3908 Primum
456 3866 525 3928 ergo
550 3865 601 3908 aoe
624 3845 712 3906 inisse
736 3845 883 3926 convictor
906 3851 1016 3924 narrat,
1045 3850 1079 3904 ut
1107 3852 1245 3927 apamat

104 3927 229 3988 retentet
248 3934 279 3988 et
297 3927 428 3988 volenter
447 3927 537 3988 instar
576 3929 702 4008 'gentum
721 3944 788 3986 oum
807 3921 873 3986 Deo
897 3923 1063 4006 belligerari.
1140 3945 1188 3986 am
1212 3927 1254 3988 iu·

103 4005 225 4068 lrom'me
243 4013 346 4070 aanato
366 4007 464 4067 vident
482 3948 660 4088 praedirum
680 4025 701 4065 o,
720 4025 754 4066 ua
773 4005 845 4080 eine,
865 4003 910 4066 eui
930 4011 1027 4066 tumen
1046 4003 1181 4066 scelerate
1200 4007 1243 4066 in.

102 4085 224 4150 cultant
265 4085 299 4150 lu
310 4088 433 4166 fiducie
450 4083 530 4147 Petri
550 4092 581 4148 at
599 4083 726 4160 loannis,
751 4085 830 4165 qnod
849 4087 942 4146 edunt
960 4083 1092 4146 indoctae
1110 4091 1140 4148 et
1157 4086 1244 4150 rudae

102 4165 194 4228 iniere
212 4163 355 4240 hourinea,
374 4165 480 4248 aliquid
499 4165 565 4247 plna
583 4185 670 4246 quem
689 4163 847 4226 humanum
865 4170 1035 4245 agnoscunt:
1065 4183 1133 4248 argo
1152 4167 1245 4228 velint

102 4245 201 4308 nolint
218 4264 252 4306 ra
272 4245 372 4306 inntur
390 4247 421 4306 iu
440 4253 594 4341 stuporem
643 4243 687 4306 Eo
711 4251 807 4306 tamen
830 4235 1022 4326 impudentiae
1041 4253 1244 4343 prorumpunt,

102 4329 142 4388 nt
159 4343 222 4388 non
259 4325 372 4388 ubitent
390 4332 569 4404 tyrunmeam
587 4325 730 4388 rationem
747 4343 883 4406 quaerere
897 4324 1099 4405 opprimendae
1107 4327 1243 4388 verrutis.

104 4397 211 4486 Quum
228 4404 355 4470 latentur
374 4403 484 4468 moue
503 4421 566 4467 aera
585 4403 1246 4489 rignumiammrlaaoonrcieutieaiuaora
