2818 4848
564 183 786 308 carurxm
1165 259 1224 324 257

98 362 176 430 dico
198 357 296 444 vohis,
316 377 385 426 uon
407 365 460 423 cet
481 375 592 424 servus
611 356 711 434 maor
731 355 952 444 domincum,
973 383 1075 454 neque
1089 363 1224 458 Apostc

98 468 155 534 lus
174 465 274 533 maior
293 479 345 545 eo',
366 460 423 551 qui
445 459 551 550 ipsum
571 462 666 530 mittit
685 461 777 552 (inira
799 463 850 547 15,
871 465 925 532 20.
946 465 1056 538 Marah
1074 471 1125 556 10,
1145 468 1224 566 24).

104 572 157 640 17.
178 569 212 637 Si
233 567 315 636 haee
335 563 499 647 noveritis,
521 565 603 634 beati
624 567 707 650 estis,
729 567 756 636 si
777 568 908 645 feceritis
930 593 977 640 ea.

180 681 229 739 ta.
270 679 439 756 Postquam
458 693 528 751 ergo
547 685 600 736 ete.
647 673 731 742 Nune
759 677 873 738 tandem
902 699 960 759 quo
985 680 1102 744 cumdio
1125 665 1225 750 hreni

98 756 235 819 Christus
261 753 410 834 discipulis
432 753 516 832 pedes
541 756 665 835 exponit
709 752 793 816 Nam¹
823 756 880 818 uod
899 760 1016 820 inseruit
1034 762 1069 822 de
1088 765 1224 843 spirituali

98 833 221 906 lotione,
247 835 331 928 quusi
351 832 480 926 digressio
500 831 555 892 luit
574 851 591 892 a
609 835 765 972 proposito·
803 779 963 932 Nisiflmora
982 858 998 898 a
1017 837 1104 902 Petro
1123 844 1226 926 iniecta
1263 907 1265 912 ,

101 922 191 988 esset,
211 911 343 971 Clmstus
362 909 459 1006 della
478 930 509 970 re
527 911 647 972 verbum
679 920 791 974 acturus
810 935 869 974 non
888 923 957 976 erat.
982 913 1065 998 Nouo
1080 940 1147 1002 ergo
1158 923 1230 991 sactu

104 995 153 1055 sui
172 993 313 1051 rationem
332 1009 347 1048 a
380 995 513 1084 Ι1ιιιιειιι
535 1008 551 1048 e
570 1009 610 1064 sc,
630 991 822 1088 quillapistor
840 999 883 1054 ost
896 995 1021 1055 omnium
1036 996 1224 1076 etDominusJ

106 1071 278 1151 exemplum
294 1009 435 1129 baffia
454 1011 534 1148 quoh
548 1089 579 1129 se
600 1077 703 1130 uantur
721 1092 760 1152 pu
780 1091 886 1144 omnes,
904 1093 942 1134 ne
961 1077 1024 1154 quis
1043 1077 1079 1136 ad
1098 1080 1224 1140 officium

111 1149 292 1289 pigmtnmris
310 1148 449 1208 abiectum
468 1154 497 1207 et
515 1148 570 1207 vile
616 1149 721 1208 utribus
736 1152 795 1210 suis
806 1157 836 1224 et
845 1151 1006 1230 aequalibus
1016 1160 1223 1292 praestandum,

164 1228 277 1289 uendere
295 1235 438 1308 gravetur.
468 1223 541 1286 Nam
560 1227 626 1290 hinc
645 1229 765 1286 caritatis
784 1229 938 1309 neglectus,
958 1252 1015 1312 quo
1054 1239 1225 1320 aequisque

108 1309 197 1390 pluris
214 1307 317 1367 tadeus
337 1325 425 1385 qnam
442 1325 497 1386 par
515 1303 551 1366 sit
569 1307 692 1386 reliquos
713 1307 772 1366 fere
790 1315 886 1368 omues
906 1312 1029 1390 despicit.
1074 1311 1134 1376 Neo
1158 1321 1223 1378 sim-

106 1389 214 1468 pliciter
232 1386 401 1446 modestiam
420 1385 521 1444 docere
539 1386 637 1458 volut,
657 1385 710 1444 scd
726 1387 809 1446 simul
821 1389 1008 1467 praescribere
1018 1390 1091 1452 hanc
1101 1397 1230 1457 cantatis

104 1467 239 1548 regulam,
257 1472 292 1525 ut
310 1466 359 1524 alii
379 1465 502 1524 vicissim
520 1465 581 1524 aliis
600 1466 729 1526 serviant
754 1464 837 1526 Nulla
851 1469 925 1528 enim
939 1475 981 1528 est
996 1473 1096 1532 caritas
1106 1475 1155 1533 uhi
1164 1497 1223 1541 nou

103 1553 145 1607 est
169 1545 332 1604 voluntaria
355 1543 386 1602 in
409 1543 532 1602 iurando
556 1545 686 1624 proximo
711 1547 838 1605 servitus.
888 1553 977 1610 Scitis
1000 1553 1072 1631 qaid
1089 1554 1222 1632 fecerim.

102 1623 241 1685 Videmus
250 1623 399 1700 Christum
418 1623 460 1681 sic
478 1623 514 1682 ad
526 1624 665 1703 ,exignum
683 1629 794 1704 tempus
813 1625 916 1685 celasse
935 1627 1002 1686 disci
1023 1630 1094 1702 ulos,
1114 1639 1220 1712 utpro-

99 1706 290 1844 hugneornm
309 1701 466 1762 ohedientia
484 1703 649 1782 tempestive
666 1701 722 1760 illis
740 1703 915 1784 patefecerit,
940 1725 978 1785 qu
1026 1709 1118 1787 prins
1137 1731 1221 1792 opor·

101 1792 137 1844 tu

189 1789 203 1842 t
220 1783 300 1862 ipsos
316 1782 432 1841 nescim.
477 1778 538 1841 Neo
555 1800 624 1840 vero
641 1781 700 1840 iam
718 1789 863 1863 exspectat
881 1783 949 1842 dnm
968 1785 1153 1866 interrogent,
1172 1791 1223 1850 aed
1242 1796 1248 1817 ⁸
1325 1829 1328 1838 ι

101 1863 184 1922 ultro
204 1861 357 1942 praevenit.
394 1859 470 1920 Idem
489 1865 518 1920 et
535 1859 617 1920 nobis
634 1879 689 1920 usu
707 1862 813 1935 reniet,
842 1862 867 1922 ei
890 1863 976 1924 modo
994 1866 1070 1946 passi
1087 1865 1224 1929 fuerimus

103 1943 196 2004 etiam
286 1941 392 2020 ἰςιιοιιιι
409 1940 468 1998 rias
488 1958 541 1998 nos
559 1939 647 2020 ipsias
665 1959 751 2000 manu
770 1941 839 2020 regi.

190 1959 268 2082 11.ΕΓ
258 2024 294 2080 Si
312 2041 367 2098 ego
385 2021 599 2100 pusillamines
617 2041 691 2079 sum.
720 2017 926 2098 Argumentum
941 2019 1066 2080 amaiori
1076 2021 1111 2081 ad
1121 2023 1222 2085 minna.

107 2093 238 2180 Impedit
252 2097 391 2178 superbia,
408 2115 446 2156 ne
463 2116 506 2170 ea,
566 2117 598 2156 ae
617 2099 690 2156 inter
703 2099 861 2178 uosvigere
871 2097 1223 2180 debehatcolaturaequa·

101 2181 177 2240 litas.
219 2177 351 2238 Christus
370 2195 453 2248 vero,
472 2177 521 2254 qui
551 2195 623 2256 onpe
642 2197 727 2256 super
741 2196 844 2238 ‚omnes
864 2177 981 2250 eminet,
1005 2196 1036 2235 ee
1056 2178 1173 2238 demittit
1190 2187 1225 2239 ut

101 2260 243 2341 pudorem
262 2255 393 2336 superbis
410 2257 529 2314 incutiat
546 2257 595 2334 qui
615 2255 719 2316 culinis
737 2257 782 2316 sui
801 2255 950 2336 aigradus
970 2255 1048 2314 obliti
1066 2275 1084 2314 a
1103 2258 1225 2324 iratema

103 2337 361 2398 communicatione
380 2353 442 2394 aeae
460 2335 596 2394 minuunt.
626 2332 721 2410 Quem
739 2336 815 2394 enim
835 2354 865 2393 se
884 2339 965 2413 putat
984 2335 1108 2394 mortalis
1127 2335 1225 2412 homo,

104 2419 129 2478 si
148 2417 271 2486 hamam
290 2433 377 2474 onera
394 2413 477 2487 ferre,
497 2414 521 2472 si
539 2431 569 2474 aa
588 2413 802 2477 accommodare
821 2413 940 2472 aliorum
958 2413 1091 2488 moribus,
1111 2417 1135 2474 si
1149 2415 1223 2474 deni·

149 2515 167 2555 e
196 2495 351 2586 campere·
368 2491 458 2552 officia
487 2497 611 2564 moueat,
644 2492 745 2572 qrrihus
769 2495 929 2552 continetur
950 2489 1091 2552 Ecclesiae
1115 2494 1225 2554 unitas?

250 2579 303 2644 est,
321 2572 438 2631 nuniuru
457 2569 509 2630 sihi
527 2571 670 2632 hominem
689 2589 827 2650 arrogare,
847 2573 897 2652 qui
914 2591 973 2631 non
992 2573 1096 2652 cogitat
1113 2591 1146 2632 ea
1161 2573 1225 2712 ¹⁰5⁰
1271 2641 1273 2646 ,
1398 2641 1399 2648 1

106 2671 140 2720 se
158 2655 233 2712 inter
250 2651 377 2714 insinues
396 2651 496 2711 iratres
515 2651 629 2724 versari,
647 2655 682 2708 ut
699 2649 804 2710 ciliciis·
817 2652 901 2712 etium
921 2652 950 2710 in
969 2653 1089 2731 speciem
1106 2653 1180 2712 sordi
1200 2654 1225 2714 is

108 2733 227 2812 henigne
246 2737 275 2792 et
294 2731 415 2790 comiter
433 2748 464 2788 se
482 2728 617 2788 subiiciat.
656 2727 818 2789 Notandum
837 2731 988 2805 autetiam,
1008 2731 1084 2810 quod
1095 2729 1225 2792 Christus

108 2832 147 2906 ⁸⁶.
159 2809 453 2906 exemplum-dedisse
472 2808 611 2947 sufflet.
655 2803 755 2946 Nepae
766 2809 1140 2948 1patipatapmpeiacelinafifatota
1159 2831 1225 2948 prp-

107 2891 505 3050 ffiuriggamh'iahiihmum
530 2905 772 3026 ariiiviiein.
791 2907 900 3046 ahian
919 2910 1070 3026 aanahh
1089 2908 1226 3047 iffi}

109 3057 180 3119 erat
199 3068 238 3107 an
256 3047 418 3126 exemplum
436 3045 555 3126 prodere
573 3045 703 3120 voluerit,
722 3046 847 3105 adonius
856 3045 1225 3124 normarnsediscipulisor-
1347 3045 1348 3054 ’

108 3133 233 3188 merent.
274 3123 353 3182 Nihil
379 3143 449 3184 vero
477 3124 578 3204 legitur
605 3125 671 3184 tale.
711 3121 808 3200 Quare
831 3143 890 3182 uon
912 3125 1005 3182 miuus
1028 3143 1160 3203 perversa
1182 3131 1226 3182 eet

113 3203 280 3274 aemulatio,
298 3221 382 3281 quam
400 3204 470 3262 siin
489 3203 599 3264 coelum
617 3203 715 3262 volare
734 3208 880 3262 tentarent.
904 3201 985 3261 Adde
1000 3200 1228 3280 quoduhiChri·

18 3290 22 3304 '
115 3289 196 3342 mum
215 3279 296 3360 sequi
315 3281 433 3354 decebat,
451 3283 546 3342 simiae
565 3283 679 3342 sumunt
697 3281 785 3362 magis
805 3299 890 3374 quum
908 3279 1068 3339 imitatores.
1099 3277 1227 3358 Quotcu-

113 3363 162 3422 nis
182 3359 347 3420 theatricam
400 3361 463 3421 dum
482 3361 618 3422 lotionem
636 3361 798 3422 instituunt:
818 3365 856 3416 rtu
875 3355 950 3416 inani
963 3359 1227 3440 nudaqueoeremo-

112 3441 161 3502 nia
182 3458 214 3499 se
233 3439 333 3518 pulcre
371 3439 494 3502 elunotos
514 3459 575 3500 esse
594 3445 708 3519 putant,
733 3437 855 3496 defuncti
875 3435 925 3494 sibi
944 3438 1108 3514 permittunt
1126 3437 1228 3494 fratres

112 3525 305 3582 contemnere.
330 3515 427 3598 Neque
445 3519 474 3578 id
493 3519 588 3593 modo,
607 3518 657 3578 sed
676 3521 826 3598 postquam
846 3514 993 3575 duodecim
1011 3513 1169 3572 hominihus
1187 3513 1228 3572 la·

113 3605 216 3660 verunt
274 3597 331 3671 des,
352 3600 445 3658 omnia
465 3597 568 3658 Christi
587 3596 712 3656 membru
731 3595 880 3655 crudeliter
898 3593 1032 3666 lacerant,
1052 3592 1102 3651 ade
1162 3593 1228 3653 ein

114 3679 214 3738 faciem
259 3677 340 3736 hristi
358 3677 445 3756 ipsius
465 3683 631 3756 conspuunt.
707 3694 773 3734 aare
796 3673 865 3733 nihil
885 3691 970 3752 quum
989 3670 1101 3732 foedam
1147 3669 1228 3732 hristi

114 3755 265 3816 ludibrium
285 3762 329 3817 est
348 3757 455 3816 comica
473 3755 521 3814 illa
539 3771 652 3836 pompa.
719 3771 751 3813 ac
770 3760 847 3813 certe
856 3751 984 3811 Christus
1003 3749 1051 3808 hic
1070 3751 1226 3810 anniversa·

115 3835 193 3910 rintn
210 3835 294 3894 ritum
313 3833 505 3909 commendat,
530 3833 580 3894 sed
598 3851 650 3896 nos
669 3839 730 3894 tcta
749 3833 807 3894 rita
825 3839 939 3913 paratos
958 3850 1018 3890 esse
1037 3827 1114 3888 iubet
1132 3829 1168 3890 ad
1186 3829 1226 3890 lu·

115 3913 226 3974 vaudos
244 3913 360 3973 frauurm
379 3913 475 3994 pedes
942 3948 945 3960 ι

195 3993 307 4056 16.17.
346 3997 457 4066 Amen,
482 4017 565 4057 cmm
587 3995 652 4053 dico
676 3993 761 4052 cubit.
805 3989 881 4050 Sunt
903 3989 1020 4070 quddam
1039 3988 1225 4069 proverbiales

111 4074 275 4148 muteutiae,
296 4091 418 4152 quarmn
437 4091 505 4132 usus
524 4073 633 4154 lougius
651 4078 736 4151 patet,
756 4089 829 4148 quac
843 4067 980 4132 tunmad
1010 4075 1163 4128 raesentcm
1174 4071 1225 4129 cir·

111 4154 313 4212 cumstantiam
332 4149 471 4245 aptandae
490 4159 562 4211 sunt.
602 4149 699 4228 Quare
717 4149 852 4209 falluntur
870 4169 934 4208 meo
953 4089 1063 4220 inicio,
1079 4149 1132 4236 qui
1144 4167 1226 4228 genc-

110 4232 209 4291 taliter
228 4251 277 4290 eae
296 4249 356 4292 acor
378 4232 447 4305 lunt,
468 4233 548 4310 quasi
565 4231 611 4292 hio
631 4228 781 4308 discipulos
792 4226 920 4290 Christus
939 4227 1067 4288 hortetur
1084 4226 1120 4284 ad
1136 4227 1225 4287 crucis

110 4311 302 4375 tolerantiam.
360 4311 526 4378 eriuseuim
545 4317 587 4382 est
604 4309 731 4388 illispro
750 4325 802 4370 auo
820 4307 949 4368 instituto
967 4317 1051 4365 usum
1068 4323 1138 4364 esse.
1169 4302 1225 4359 Pc-

108 4396 174 4450 dea
193 4389 308 4451 subiicit
326 4389 422 4448 locem
440 4407 510 4461 esse,
529 4390 554 4450 si
571 4389 640 4450 haec
658 4393 830 4466 cognoscant
847 4393 877 4446 ct
895 4386 1004 4446 iaciant.
1035 4380 1134 4458 Neque
1152 4380 1226 4436 enim

137 4483 247 4528 Calvinus
260 4481 283 4526 ἰι
296 4484 425 4526 Ποιῖεη.
439 4483 547 4526 uomitu
981 4465 1020 4524 17
1087 4474 1094 4484 ‘
1163 4469 1171 4491 ⁸
