2786 4866
153 213 214 290 tr
569 212 925 296 mentemst,

174 335 243 398 lidei
271 330 365 394 erulis
390 327 526 394 intuendo
547 330 631 394 uobis
652 339 705 396 eet
754 330 906 393 Pmeteree
925 331 1053 396 miruiile
1071 331 1134 398 Del
1159 341 1309 406 ooun‘t'mnr

173 415 224 479 hie
246 432 278 474 se
302 412 439 489 ostendit,
469 411 548 494 quod
571 431 624 494 per
646 413 850 474 infensissimos
874 410 972 474 booles
990 425 1182 496 promeretur
1201 418 1308 491 cirini

174 494 278 580 glorier
307 511 375 552 nem
394 493 472 574 quod
491 489 661 554 Seosrdotes
678 493 764 554 simul
781 499 897 568 ωδιιιιι,
924 511 984 553 nou
1003 495 1034 556 lit
1051 497 1113 557 sine
1131 518 1241 581 magno
1261 521 1308 562 ru.

174 593 265 638 more.
304 571 436 634 Pendent
455 573 584 636 omnium
603 574 688 633 enimi
705 573 920 654 exspectatione
940 575 996 634 reri
1011 583 1038 636 et
1051 577 1200 658 singularis
1210 582 1307 643 euius.

174 657 243 718 dum
264 659 397 714 eventusr
426 651 574 714 disoedunt
593 652 726 734 Apostoli
745 671 762 712 e
780 659 861 712 reete
880 653 974 714 soluti.
1020 653 1084 716 Non
1100 665 1214 720 tentum
1234 680 1308 742 ergo

174 735 244 798 vieti
272 733 370 794 hostes
393 733 500 806 ineest,
529 734 578 794 sed
602 731 886 813 iuviti-Empelium
910 733 1089 797 confirment.
1129 737 1241 800 Rursus
1261 748 1307 802 te.

174 833 242 878 meu
262 813 412 874 effloruere
430 815 578 889 eosvenit,
602 813 813 874 sio-vietorinn
830 813 946 874 eunoedi
970 815 1115 892 fidelibus,
1135 825 1169 878 ut
1190 839 1307 901 semper

173 894 364 958 humilientur
379 893 432 956 seb
452 912 546 954 eruoe
576 892 671 954 illisue
689 895 765 954 enim
780 898 956 974 repetuntur,
973 915 1013 958 ne
1026 897 1148 977 posthae
1158 899 1187 958 in
1197 899 1309 960 curun

174 975 293 1038 ιιοιιιίιιο
312 973 440 1036 doeesut.
489 971 539 1032 Sio
562 991 630 1055 ergo
654 973 787 1044 vineunt,
816 979 850 1032 ut
872 973 987 1034 minime
1006 981 1106 1036 tomen
1123 977 1310 1059 triumphant,

174 1056 230 1118 nisi
249 1051 303 1114 sub
322 1055 414 1116 erneis
433 1052 597 1134 opprobrio.
646 1049 736 1130 Quod
759 1053 826 1116 dioit
847 1049 953 1130 Leues,
982 1053 1096 1117 Omnes
1118 1057 1241 1154 pluriam
1261 1057 1310 1118 de.

174 1135 251 1198 disse
269 1133 489 1208 Deo,·iroctum
508 1133 639 1194 miraculi
655 1134 758 1196 iterum
776 1138 866 1206 nolet,
886 1151 962 1212 quun
983 1155 1050 1196 unm
1070 1135 1259 1234 fierupotest,
1276 1145 1310 1198 nt

173 1235 234 1278 uun
254 1233 353 1276 omnes
371 1214 409 1276 ed
427 1214 535 1274 iustum
552 1212 640 1274 linem
658 1212 789 1293 perdudi
808 1212 922 1274 suerint.
961 1155 1036 1276 §mu
1098 1217 1240 1278 'druinse
1251 1219 1309 1278 vir·

170 1297 245 1356 ‚tntis
264 1313 350 1354 sensu
368 1290 462 1355 elue
480 1293 518 1354 ed
537 1291 683 1354 Christum
703 1313 761 1353 ιιοιι
780 1291 868 1367 venit,
887 1311 941 1354 nee
957 1234 1126 1356 miseritus
1145 1296 1233 1358 hebet
1251 1319 1309 1378 pro

174 1375 243 1438 lidei
262 1373 365 1453 sigillo,
384 1371 432 1434 blo
450 1374 533 1454 qussi
551 1372 678 1434 subsistit
696 1373 729 1440 in
746 1373 841 1434 medie
861 1391 955 1434 sumu.
983 1373 1049 1437 Fuit
1067 1382 1162 1460 tmnen
1182 1377 1239 1436 noe
1253 1377 1307 1438 nli·

175 1455 259 1537 quid,
283 1453 350 1514 lieet
368 1473 428 1516 nou
446 1459 553 1528 totum,
573 1451 652 1534 quod
671 1453 765 1533 agnita
785 1451 839 1512 init
857 1449 915 1514 Dei
933 1455 1020 1516 rirtm
1038 1457 1068 1515 in
1085 1457 1232 1518 semiim
1250 1455 1306 1518 te-

172 1535 321 1677 m!
339 1533 435 1674 hepta
455 1534 564 1616 pudore
583 1533 694 1596 oonimi
711 1551 731 1593 e
750 1529 827 1594 rubie
845 1551 897 1594 suu
916 1533 1077 1596 usnemu
1094 1536 1142 1596 rel
1155 1535 1307 1618 paulisper

303 1633 369 1678 eren
696 1639 701 1648 ·

177 1727 179 1736 ι
255 1698 303 1758 23.
324 1697 426 1756 Porio
444 1695 489 1758 ttts
508 1695 629 1756 dirum
653 1691 802 1772 Quonam
821 1694 971 1756 retulerint
986 1695 1047 1756 eliis
1064 1695 1134 1756 dison·
1185 1697 1212 1756 is
1231 1715 1309 1776 quse

174 1793 274 1838 mum
292 1781 355 1834 eote
375 1781 464 1850 erent,
484 1795 556 1834 mox
573 1773 694 1854 petebitz
719 1794 823 1856 nempe
839 1781 876 1836 'ul
893 1775 959 1856 plus
978 1776 1118 1836 mimine
1198 1777 1260 1836 eise
1278 1778 1308 1838 iu

173 1861 322 1938 posterum
342 1852 444 1914 ex·Dei
464 1861 552 1936 gluttu
571 1861 724 1927 sumumt,
744 1854 845 1916 deinde
863 1862 895 1915 ut
907 1855 1045 1916 adversus
1058 1855 1170 1916 ierooes
1182 1855 1307 1916 hostium

174 1933 774 2076 ffltldbttdtttsltt
784 1935 1013 2078 disimilis
1027 1942 1087 2076 iii
1102 1942 1159 2075 di
1170 1935 1308 2076 “tlt

174 2093 283 2156 Christi
301 2057 408 2156 uexillo
427 2035 610 2156 egemonius
628 2093 741 2154 hesum
760 2094 844 2154 simul
865 2035 1019 2156 resedens
1048 2113 1124 2175 quse
1142 2057 1309 2176 mpudens

173 2174 303 2316 petineis
323 2193 420 2234 seeum
438 2180 581 2254 reputent,
601 2193 659 2255 que
679 2175 737 2234 sint
754 2173 811 2236 illis
830 2173 967 2235 obeundis
980 2177 1156 2315 paratiores:
1175 2177 1308 2254 ιιιιιιιιιίι

196 2262 272 2315 ostes
302 2255 417 2314 steriles·¹
433 2255 538 2314 iustsre
562 2255 690 2328 vidmut,
719 2265 756 2314 ne
781 2254 874 2334 pigeat
897 2253 979 2316 subin
999 2274 1018 2316 e
1035 2261 1177 2316 meren
1195 2273 1307 2316 novum

174 2341 314 2431 repeteres
333 2331 482 2429 eonlidnnt
497 2333 596 2394 eedem
615 2353 672 2414 que
690 2339 757 2396 unte
776 2335 906 2394 virerent
914 2332 969 2395 Dei
988 2336 1096 2396 ridete
1113 2347 1144 2394 se
1156 2334 1218 2394 ioue
1231 2353 1305 2430 eern-

173 2435 233 2558 ti.
251 2412 494 2574 'titttllt
512 2409 1147 2590 ,itlsttttlttttttttglt
1161 2413 1309 2554 titt

173 2573 264 2648 iuriis,
283 2592 378 2652 neque
397 2579 492 2632 temen
511 2579 551 2632 rte
571 2571 657 2632 iuuse
676 2574 778 2654 prioris
797 2575 971 2635 conduntiee
989 2575 1104 2650 oblitos,
1123 2580 1159 2635 ul
1171 2575 1313 2636 servilile*

173 2655 339 2736 exciperent
356 2653 477 2732 impium
496 2651 651 2714 decretum.

265 2823 319 2893 94.
363 2823 412 2891 Illi
439 2835 549 2893 eutem
576 2847 678 2918 quum
705 2819 878 2914 audissent,
912 2828 1097 2896 unanimiter
1121 2827 1310 2896 extulerunt

175 2954 289 3002 vocem
311 2931 352 3000 ed
372 2931 495 3016 Deum,
524 2956 561 3000 ee
588 2933 748 3002 dixerunt:
776 2927 935 3022 Domine,
963 2945 998 3004 iu
1018 2957 1051 3002 es
1072 2931 1162 3010 Deus
1181 2933 1244 3025 ¹qui
1265 2934 1312 3004 ie

87 3058 93 3081 ⁸
172 3038 243 3110 cisti
266 3039 394 3108 eoelum
416 3049 595 3122 etterrum,
617 3065 703 3108 mere
726 3044 886 3110 etomuis
908 3041 1046 3134 quaein
1063 3040 1112 3110 eis
1134 3053 1222 3124 sunt,
1255 3043 1312 3110 25.

172 3145 237 3234 Qui
268 3171 326 3239 per
354 3169 392 3214 os
419 3145 551 3214 Doridis
579 3133 662 3216 servi
687 3147 735 3214 tui
765 3147 883 3215 dixistis
927 3149 972 3217 Ut
1004 3147 1082 3244 qnid
1113 3146 1314 3216 fremuerunt

172 3265 302 3348 gentes,
336 3263 369 3322 et
394 3252 504 3346 populi
535 3253 675 3322 meditati
702 3264 778 3322 sunt
799 3253 923 3322 inania?
966 3250 1021 3322 96.
1056 3253 1236 3326 Astiterunt
1255 3251 1314 3324 Re·
1381 3247 1382 3260 ¹

171 3385 229 3454 ges
255 3371 374 3442 werse,
406 3371 439 3428 et
466 3359 626 3451 principes
652 3370 871 3428 convenerunt
891 3361 924 3430 in
946 3385 1050 3430 nuum
1071 3359 1226 3430 adversus
1246 3357 1314 3430 Do·

171 3468 306 3550 minum,
329 3477 362 3534 et
384 3466 535 3534 adversus
556 3465 720 3534 Christum
742 3467 821 3535 eius.
865 3467 920 3534 27.
941 3465 1025 3536 Vere
1047 3467 1136 3535 euim
1158 3489 1313 3535 eoureue·

172 3583 247 3643 runt
268 3573 302 3638 in
323 3570 384 3641 hae
405 3573 483 3641 urbe
505 3571 656 3640 adversus
679 3568 823 3642 sanetum
840 3571 957 3642 Filium
972 3584 1065 3641 tuum
1076 3571 1194 3658 Iesum,
1212 3597 1313 3665 quem

173 3677 310 3762 unxisti,
336 3676 482 3748 Herodes
505 3689 538 3746 et
559 3677 693 3747 Pontius
713 3679 833 3748 Pilutus
854 3703 930 3749 eum
952 3681 1108 3750 Gentibus
1130 3691 1164 3750 et
1185 3679 1316 3772 populis

174 3784 280 3868 lsrael,
324 3785 378 3850 98.
404 3783 451 3851 Ut
473 3784 611 3854 iacerent
634 3785 847 3878 quaeeunque*
865 3807 980 3854 manus
1002 3797 1066 3869 tue,
1088 3797 1122 3855 et
1144 3785 1315 3854 eonsilium

171 3901 265 3962 tuum
287 3890 375 3982 prius
397 3891 578 3960 decreverat
599 3889 677 3961 fieri.
721 3890 774 3960 29.
808 3891 852 3960 Et
880 3915 980 3976 nune,
1008 3891 1165 3974 Domine,
1191 3891 1315 3984 respice

172 3997 206 4064 in
229 3997 331 4066 mines
353 3997 504 4083 istorum,
526 4008 560 4068 et
582 3997 621 4066 du
643 3997 743 4068 servis
764 3999 843 4082 tuis,
865 4010 902 4068 ut
924 4021 1000 4068 oum
1022 3997 1111 4072 omni
1133 3997 1250 4066 fiducie
1272 3997 1315 4066 ln

173 4112 312 4189 quantur
345 4123 527 4172 menonem
555 4115 664 4186 tuum,
707 4105 761 4172 30.
795 4105 927 4174 Menum
949 4114 1041 4173 tuem
1063 4103 1259 4198 porrigendo
1280 4104 1317 4170 in
1380 4157 1381 4178 ,

173 4205 254 4284 hoc,
275 4213 312 4268 ut
333 4207 467 4290 sanatio,
489 4221 523 4278 et
544 4209 647 4302 signu,
675 4221 708 4278 et
729 4213 870 4306 prodigis
892 4211 970 4280 liunt
992 4237 1049 4304 per
1070 4233 1192 4280 nornen
1215 4207 1316 4278 seneli
1380 4191 1381 4221 ¹

173 4307 245 4390 Filii
267 4307 314 4376 tui
335 4305 414 4378 leun
458 4313 514 4384 31.
536 4313 580 4386 Et
599 4339 703 4408 quum
724 4317 768 4386 illi
790 4318 908 4411 precati
929 4329 1047 4406 eueni,
1068 4325 1178 4388 moun
1200 4325 1252 4388 eut
1271 4313 1318 4384 lo·
1364 4351 1376 4374 ·
