2742 4856
473 267 476 280 ·
534 231 663 295 CAPUT
681 231 750 296 XV.
811 309 814 313 ι
873 254 875 262 ’
1132 241 1191 303 289

65 351 169 411 vellent
190 348 357 410 necessitate
381 347 537 408 servandae
561 347 653 430 Legis.
698 347 768 410 Sola
794 347 908 428 quidem
933 347 1119 410 Circumcisio
1143 351 1190 412 hic

64 433 231 500 nominatur,
250 427 300 488 sed
321 447 359 486 ex
379 435 515 488 contextu
535 428 616 488 laeilc
638 435 730 510 patet,
751 447 800 487 eos
820 430 856 488 de
875 434 937 488 tota
955 425 1032 508 Lege
1052 433 1189 491 servanda
1304 470 1308 488 ι
1364 447 1365 456 ’

32 563 35 570 .
64 512 185 568 movisse
207 509 438 568 controversiam.
484 506 634 568 Caeterum
661 511 728 588 quia
748 507 933 568 circumcisio
958 509 1039 568 velut
1063 510 1189 570 solennis

64 596 124 648 erat
145 589 262 648 initiatio
286 587 315 646 in
336 586 406 646 alios
426 592 525 646 omnes
544 585 627 665 Legis
647 591 731 660 ritus,
756 588 821 646 ideo
841 607 893 666 per
910 588 1110 667 synecdochen
1129 597 1189 650 tota
1244 607 1247 614 ’
1364 625 1365 636 ι

61 667 122 727 Lex
141 667 193 726 sub
213 685 270 725 una
291 672 370 746 parte
390 665 646 749 comprehenditur.
669 665 734 726 Non
753 667 897 748 negabant
915 669 961 726 isti
982 665 1063 726 Pauli
1084 668 1188 740 hostes,

63 747 204 807 Christum
227 743 454 806 essentesiamz
480 746 528 804 sed
550 767 639 826 quum
659 748 699 806 illi
718 767 822 807 nouren
843 747 956 818 darent,
981 747 1066 806 simul
1086 737 1200 807 retine-'

61 827 127 886 baut
151 832 261 886 veteres
286 823 369 905 Legis
393 827 573 885 ceremonias.
619 825 713 884 Prima
739 829 833 907 specie
860 827 948 885 videri
972 833 1086 906 poterat
1105 848 1187 887 error

61 905 220 966 tolerabilis.
267 904 327 964 Cur
356 925 423 985 ergo
451 925 509 964 non
539 905 695 966 dissimulat
720 905 824 965 Paulus
854 905 954 964 saltem
983 907 1019 965 ad
1049 909 1185 982 exiguum

61 993 187 1066 tempus,
210 1003 248 1044 ue
267 985 400 1044 condictu
417 983 572 1043 Ecclesiam
598 985 787 1064 quatelaeiatl
809 986 844 1044 de
863 984 947 1044 rebus
967 987 1043 1044 euim
1063 988 1186 1047 externis

60 1071 121 1124 erat
149 1065 313 1144 disceptatio
342 1064 376 1122 de
406 1063 507 1142 quibus
537 1065 620 1122 nimis
643 1066 746 1124 acriter
770 1066 879 1145 litigare
903 1062 1010 1124 Paulus
1034 1067 1095 1145 ipse
1119 1065 1187 1124 alibi

59 1150 148 1204 vetat·
186 1140 295 1204 Verum
315 1150 372 1202 tres
392 1143 505 1202 luerunt
525 1161 624 1223 graves
636 1131 760 1216 'sarisam
787 1164 860 1222 quac
885 1163 952 1203 eum
977 1143 1012 1203 ad
1031 1145 1190 1208 reclamans

58 1224 127 1282 dum
147 1230 287 1306 cogerent.
336 1221 410 1282 Nam
438 1227 463 1282 si
491 1223 646 1282 necessarie
670 1231 713 1282 est
738 1221 821 1304 Legis
846 1222 1021 1294 observatio,
1051 1221 1183 1302 operibus

57 1303 188 1382 alligatur
206 1304 284 1362 salus
303 1301 461 1376 hominum,
480 1322 564 1383 quam
584 1303 613 1362 in
633 1302 693 1362 sola
709 1301 816 1360 Christi
836 1304 923 1382 gratia
945 1303 1091 1362 lurrrlatam
1111 1321 1182 1376 csse,

57 1391 88 1442 ut
112 1382 264 1462 tranquilla
285 1389 315 1440 et
334 1383 428 1462 quieta
448 1382 485 1440 sit
504 1381 588 1454 fides,
614 1389 734 1462 oportet.
776 1380 874 1460 Quum
894 1399 963 1462 ergo
982 1381 1091 1440 rideret
1109 1380 1182 1440 Pau-

53 1463 97 1522 lus
123 1463 265 1542 gratuitae
289 1461 355 1520 fidei
378 1460 501 1520 iustitiae
525 1461 642 1541 legalem
667 1463 775 1521 cultum
799 1463 919 1541 opponi,
949 1460 1032 1520 silere
1056 1460 1099 1518 lus
1123 1481 1182 1519 non

53 1549 127 1613 erat,
152 1543 207 1601 nisi
234 1541 319 1600 vellet
339 1541 483 1600 Christum
507 1541 641 1619 prodere:
665 1557 732 1600 nam
757 1561 847 1620 quum
866 1541 1019 1599 adversarii
1037 1547 1181 1619 negarent,

51 1623 161 1680 salvum
186 1621 253 1682 iore
277 1639 438 1700 quenquam
463 1622 518 1678 nisi
542 1623 592 1698 qui
611 1618 715 1700 Legem
734 1619 821 1679 Musis
846 1627 986 1694 servaret,
1015 1619 1071 1678 hoc
1094 1619 1181 1678 modo

19 1766 22 1777 Ι
51 1701 149 1760 salutis
167 1701 290 1780 gloriam
311 1701 426 1760 Christo
446 1707 573 1778 ereptam
591 1698 626 1758 ad
647 1717 732 1778 opera
752 1698 971 1770 transferebant,
995 1705 1025 1757 et
1044 1710 1181 1758 concussa
1239 1699 1242 1714 '

50 1781 153 1842 fidncia
173 1783 293 1840 miseras
317 1781 425 1840 animas
448 1779 640 1856 inquietudine
666 1777 816 1837 vexabant:
848 1778 946 1835 deiude
971 1797 1028 1836 non
1052 1785 1113 1836 erat
1137 1797 1181 1836 res

49 1862 132 1941 parvi
150 1861 300 1934 momenti,
320 1861 442 1938 spoliare
460 1858 558 1917 fideles
578 1859 685 1916 animas
700 1857 831 1916 libertate
842 1877 891 1934 per
902 1855 1007 1914 Christi
1017 1857 1182 1934 sanguinem

48 1946 141 2021 parta.
172 1939 299 2000 Tametsi
319 1939 435 1998 interior
453 1957 466 1995 s
489 1939 568 1995 iritus
587 1937 701 1995 libertas
716 1935 846 1996 Patribus
865 1934 1012 1992 nobiscum
1031 1933 1085 1992 fuit
1103 1954 1181 1992 eom-

46 2021 151 2090 munis,
172 2021 279 2080 scimus
299 2026 395 2077 tamen
415 1959 485 2096 quib¹
504 2016 609 2074 Paulus
629 2015 717 2089 dicat,
742 2031 846 2092 nempe
866 2013 991 2072 inclusos
1016 2013 1102 2070 luisse
1127 2012 1180 2070 sub

47 2100 151 2180 puerili
169 2098 257 2180 Legis
278 2098 419 2168 custodia,
446 2104 478 2156 ut
497 2114 514 2154 u
535 2097 623 2154 servis
645 2115 745 2173 paruus
766 2093 909 2150 slill'errent
929 2091 1006 2168 (Gal.
1027 2091 1179 2166 4‚1.‘2.):
1260 2100 1265 2133 Ξ

45 2199 99 2238 nos
136 2199 212 2238 vero
242 2183 308 2258 post
337 2175 483 2236 Christum
512 2175 721 2234 manifestatum
751 2172 859 2232 solutos
890 2170 971 2248 Legis
999 2169 1087 2249 paeda
1109 2172 1181 2249 ogia,

43 2261 129 2340 quasi
153 2259 240 2318 linito
265 2257 370 2316 tutelae
394 2263 537 2334 tempore,
567 2253 680 2312 liberius
699 2271 790 2331 agere.
830 2247 958 2308 'l‘ertinm
977 2247 1059 2308 huius
1079 2191 1180 2309 ‹betri-

41 2359 97 2398 nac
115 2339 227 2398 vitium
246 2336 309 2408 luit,
329 2335 406 2414 quod
426 2327 554 2392 tenebras
574 2333 732 2392 offunderet
750 2330 897 2408 Evangelii
916 2329 987 2402 luci,
1013 2329 1059 2387 vel
1080 2327 1181 2387 saltem

40 2421 246 2498 interponeret
275 2415 355 2488 velut
383 2413 517 2472 obscuras
543 2412 646 2485 nubes,
676 2431 712 2470 ne
736 2411 852 2491 plenum
876 2409 1016 2488 fulgorem
1039 2409 1181 2467 emitteret

39 2499 85 2558 sol
111 2497 242 2556 iustitiae
267 2493 405 2552 Christus.
444 2492 475 2552 ln
502 2506 626 2553 summa.
651 2491 731 2550 brevi
753 2497 848 2550 sctrun
873 2489 972 2547 luisset
991 2487 1026 2546 de
1045 2487 1179 2546 Christia-

35 2581 153 2648 nismo‚
186 2573 340 2634 uitalibus
364 2573 449 2632 initiis
473 2575 601 2632 cessisset
624 2571 739 2632 Paulus.
785 2569 936 2628 Certamen
961 2587 1029 2646 ergo
1054 2567 1179 2646 suscipit,

35 2677 99 2720 non
121 2673 182 2736 pro
203 2661 321 2714 externo
341 2655 432 2712 carnis
451 2654 608 2733 praeputio,
627 2651 675 2710 sed
696 2671 749 2730 pro
769 2651 890 2730 gratuita
911 2648 1058 2706 hominum
1072 2646 1177 2706 salute:

38 2737 165 2807 deinde,
192 2741 226 2814 ui
251 2735 311 2814 pias
335 2733 519 2792 conscientias
544 2731 775 2790 anualedictiune
795 2728 878 2810 Legis
901 2732 930 2786 et
954 2734 1084 2786 aeternae
1102 2746 1178 2785 mor-

37 2821 76 2876 tis
97 2821 188 2876 reatu
209 2813 350 2872 absolvat:
380 2820 538 2894 postremo,
569 2820 600 2872 ut
619 2811 735 2870 mmotis
754 2807 885 2869 omnibus
905 2805 1071 2880 obstaculis,
1095 2805 1178 2886 quasi

36 2896 155 2976 liquido
188 2899 218 2952 el
246 2911 347 2960 sereno
372 2892 467 2963 coelo,
496 2891 633 2970 refulgeat
664 2891 775 2950 claritas
800 2889 904 2968 gratiae
931 2887 1046 2946 Christi.
1095 2883 1178 2945 Adde

38 2976 122 3057 quod
149 2992 270 3054 gravem
290 2969 357 3050 Legi
382 2973 513 3030 iniuriam
537 2969 678 3030 l'aciebant
701 2969 856 3028 nebulones
880 2967 935 3037 illi,
959 2985 1049 3044 quum
1068 2971 1178 3024 reolum
1250 2979 1253 2993 '

36 3059 130 3137 ipsius
163 3073 251 3114 usum
280 3051 366 3132 impie
393 3055 616 3130 corrumperent.
661 3049 822 3107 Genuimuu
846 3044 929 3124 Legis
959 3045 1085 3106 alliciunt
1114 3045 1177 3114 luit,

37 3134 205 3219 paedagogi
228 3134 318 3192 instar
341 3149 445 3210 pueros
469 3131 505 3188 ad
524 3129 670 3188 Christum
694 3126 896 3187 manuducere:
927 3143 994 3202 ergo
1019 3141 1077 3180 non
1097 3129 1177 3200 pote-

36 3224 83 3276 rat
114 3217 205 3296 peius
237 3211 403 3284 adulterari,
432 3209 518 3288 quam
538 3209 607 3267 dum
626 3208 687 3266 eius
706 3211 854 3284 praetextu
873 3201 1053 3261 minuebatur
1071 3199 1178 3260 Christi

35 3299 132 3356 virtus
159 3300 194 3354 et
219 3291 317 3372 gralia.
357 3287 420 3348 Hoc
448 3287 534 3347 modo
558 3287 723 3366 inspiciendi
748 3290 814 3344 sunt
839 3283 921 3342 nobis
945 3281 1073 3339 omnium
1093 3298 1178 3358 quae·

35 3377 170 3438 shonnm
192 3370 302 3443 fontes,
325 3389 362 3428 ne
381 3369 492 3428 silentio
512 3373 611 3426 nostro
629 3365 783 3446 prodamus
802 3361 860 3422 Dei
879 3362 1042 3430 veritatem,
1067 3359 1177 3438 quoties

34 3475 102 3516 eam
122 3459 209 3514 recta
229 3451 287 3530 peti
306 3449 428 3508 Satanae
447 3447 554 3506 insidiis
573 3445 716 3520 videmus,
742 3463 795 3502 nec
814 3445 964 3500 lleetautur
984 3439 1049 3499 ultis
1068 3439 1176 3517 pericu·

35 3537 89 3604 lis,
104 3534 157 3594 vel
178 3531 295 3622 probris
314 3535 345 3588 et
363 3527 510 3588 calumniis
529 3526 695 3584 mollescant
713 3523 795 3582 nobie
814 3522 914 3580 animi:
934 3520 1001 3599 quia
1015 3523 1178 3577 constanter

34 3613 199 3674 asserenda
227 3615 271 3670 est
300 3627 372 3689 perra
400 3609 512 3686 religio,
541 3606 649 3665 etiamsi
678 3604 791 3664 coelum
809 3610 911 3672 ¹terrae
943 3599 1052 3658 misceri
1077 3597 1177 3656 debeat

35 3695 84 3771 (ll.
108 3691 194 3752 Tim·
214 3695 248 3762 2,
278 3691 340 3768 24.)
395 3685 502 3746 Servos
531 3685 644 3765 quidem
665 3683 772 3742 Christi
799 3681 915 3742 minime
944 3697 1086 3758 pugnaees
1115 3695 1177 3734 esse

34 3776 136 3834 decet:
159 3775 261 3850 itaque
281 3770 304 3830 si
325 3787 382 3848 qua
401 3773 501 3827 exorta
521 3765 605 3824 luerit
624 3764 784 3834 contentio,
810 3779 873 3820 eane
892 3757 991 3820 sedare
1011 3763 1042 3816 et
1061 3775 1176 3834 compc-

33 3873 107 3915 nere
139 3869 199 3912 sua
224 3849 417 3909 moderatione
441 3847 536 3927 petius
562 3843 730 3915 studebunt,
760 3860 847 3921 quam
872 3845 905 3896 ut
923 3835 1177 3916 classicumproti·

33 3954 94 3994 nus
122 3935 246 3993 cenant:
271 3928 370 3988 deinde
394 3927 492 3987 sedulo
517 3923 656 3984 cavebunt
680 3919 900 4002 asupervacuis
925 3924 955 3977 et
973 3915 1108 3976 inanibus·
1124 3933 1175 3994 pu-

33 4016 119 4094 gnis,
146 4029 205 4072 nee
224 4006 406 4089 exagitabant
424 4007 494 4066 levis
515 4003 650 4072 momenti
669 3999 889 4064 controversias,
919 3997 969 4056 sed
987 3995 1037 4055 ubi
1055 3994 1176 4056 viderint

33 4085 189 4154 Satanan
207 4106 334 4167 eousque
352 4085 535 4158 insolescere,
553 4090 586 4142 ut
603 4085 711 4162 integra
730 4083 787 4140 iam
805 4077 904 4158 religio
923 4095 1036 4136 manere
1055 4080 1177 4154 nequeat
1224 4085 1230 4100 ⁸

32 4178 92 4234 nisi
120 4171 243 4231 obviam
267 4175 361 4238 eatur,
391 4166 525 4244 colligant
548 4165 657 4222 animos
676 4177 791 4222 necoesa
810 4163 853 4218 est
871 4163 902 4215 st
919 4162 1036 4234 surgant
1054 4155 1090 4214 ad
1109 4156 1175 4214 resi·

33 4252 197 4323 stenelum,
226 4266 280 4306 nec
305 4245 433 4306 dubitent
456 4261 566 4324 pugnas
591 4240 746 4322 quamlibet
769 4237 881 4298 odiosas
901 4235 986 4294 obire.
1025 4233 1178 4294 Plausibile

31 4331 165 4413 quidem
191 4335 234 4388 est
252 4346 357 4387 nomen
378 4323 473 4398 Pacis,
497 4323 546 4382 sed
573 4321 718 4380 maledicta
739 4325 859 4398 estpars
879 4317 1176 4396 quaetantaiaetusa

30 4411 214 4482 redimitur,
243 4411 278 4466 ut
307 4406 387 4466 uobis
417 4410 513 4486 pereat
533 4400 641 4462 Christi
664 4401 805 4482 doctrina,
836 4414 893 4474 qna
916 4395 977 4468 sola
1002 4396 1032 4454 iu
1051 4396 1128 4474 piam
1146 4397 1175 4450 st

24 4527 31 4544 ι
60 4506 182 4550 Calvinus
200 4504 221 4545 in
236 4505 291 4548 Ias.
305 4504 364 4546 usar.
378 4504 440 4544 Tora.
454 4503 493 4544 lt.
823 4479 860 4538 19
