2818 4848
470 311 476 318 ,
574 237 701 304 curun
719 239 773 302 xa
1167 245 1225 308 ees

98 359 220 442 alligato
237 357 272 417 sit
287 353 343 416 Dei
362 353 457 414 virtus
476 349 622 416 hominurn
641 356 769 418 arbitrio:
789 355 840 418 sad
859 357 925 438 quia
943 355 1030 430 illuns,
1049 340 1227 438 quaninmin

101 461 139 500 se
158 444 209 513 est,
227 436 346 495 malitiae
365 451 437 494 suae
456 429 604 495 obstaculo
621 443 727 511 areant,
745 435 852 532 indigni
871 443 937 496 sunt
996 435 1057 498 'hus
1073 437 1227 524 sapateia·

101 521 171 579 ciat
207 515 295 610 Saepe
315 511 433 596 quidem
452 510 487 571 iit
504 519 670 596 nrt-superet
688 515 768 576 Duas
786 515 923 576 eiusmodi
942 535 960 574 o
980 516 1097 592 stantia,
1115 517 1166 578 sed
1185 523 1226 578 ta·

101 617 170 659 mon
227 602 300 655 oues
317 610 439 654 manum
456 607 537 652 auam
556 595 672 654 retrahit
690 613 727 656 ne
745 595 903 656 incredulos
921 595 1013 669 iuvet,
1037 594 1093 654 hoe
1110 597 1173 673 ideo
1190 596 1226 660 fla

99 677 168 758 qaia
188 677 195 690 “
284 693 347 736 nou
365 671 515 735 adurittunt
532 671 702 734 infidelitalis
721 693 790 737 suaa
807 675 942 771 nuputiis
962 674 1095 734 conclusi.
1140 679 1224 740 Vide·

97 759 146 818 hta
162 757 298 838 glorium
311 755 380 816 Det
417 750 490 813 Nou
508 751 676 817 miraculum
694 755 789 816 voeari
808 753 864 816 Der
883 754 1011 836 gloriam,
1029 754 1059 814 in
1071 753 1225 896 ffirlpliaus
1284 845 1289 856 Ι
1397 743 1398 754 ’

1155 855 1226 896 vero

98 853 205 896 manns
234 851 307 894 suae
329 835 461 892 vistrum
488 852 620 896 exserens
644 853 747 896 nomen
772 853 856 894 suum
878 833 1024 928 plorifieat

100 913 221 973 Martha
239 913 365 972 seeundo
382 911 437 972 hoe
456 911 560 974 Christi
583 913 660 975 dieto
682 920 814 976 eontantu
836 912 957 996 lapidem
981 915 1089 973 moveri
1110 915 1225 995 patitur:

98 991 259 1054 Nihildum
276 991 362 1052 videt:
379 990 429 1052 sed
490 994 498 1010 '
535 993 614 1055 audit
631 1013 690 1055 non
709 993 813 1056 frustra
831 992 887 1056 hoe
905 1010 924 1054 a
941 991 1000 1054 lilio
1014 991 1071 1054 Dei
1089 993 1225 1070 mandari,

106 1093 149 1133 ex
167 1071 234 1131 solo
252 1072 311 1132 eius
328 1072 443 1152 imperio
472 1071 578 1134 'beuter
594 1075 708 1154 pendet.

192 1152 242 1213 41.
277 1154 359 1210 Ieaua
375 1159 474 1212 ιιιιὶειιι
491 1155 608 1214 mauu
627 1155 734 1215 oeulos.
783 1151 815 1214 Si
853 1171 902 1213 nm
926 1153 1011 1214 animi
1034 1150 1090 1212 luit
1107 1149 1143 1211 ad
1162 1171 1225 1250 pra-

108 1227 233 1291 enudum
250 1249 316 1290 vere
334 1231 494 1312 compositi.
520 1229 606 1293 ‘Nam
625 1239 657 1292 nt
676 1233 739 1328 quis
758 1233 811 1292 rita
859 1251 923 1292 eum
942 1233 1064 1305 invocet,¹
1083 1250 1171 1292 cumr
1192 1251 1225 1292 so

105 1309 815 1452 immmugnmdaiuolioherdtndddss’
835 1312 1225 1472 ¹⁸¹daciumdiid‘terip'ddndolid:

103 1469 238 1549 pocritae,
256 1407 363 1548 (primii⁶
376 1468 525 1550 profundis
543 1473 634 1532 carnis
653 1489 721 1532 suae
734 1469 811 1531 sordi
830 1469 991 1532 uademarsi
1000 1475 1075 1546 nint,
1093 1471 1237 1530 videntum

102 1707 225 1779 attollit,
248 1703 345 1766 Deum
363 1706 424 1766 illie
441 1725 493 1768 sua
512 1651 683 1790 cogitatioiioi1
696 1709 838 1770 includere
892 1709 952 1783 het,
982 1709 1032 1790 qui
1049 1707 1155 1790 ubique
1173 1707 1225 1768 dii·

103 1787 189 1847 iosus
208 1783 317 1845 ωάιιιιι
335 1792 366 1846 et
383 1793 488 1846 terram
507 1788 619 1869 implet:
639 1788 689 1848 sed
708 1790 775 1870 quia
793 1806 939 1869 nunquam
956 1807 989 1847 se
1007 1787 1141 1884 expedire
1160 1806 1225 1869 pos·

104 1871 177 1925 sunt
193 1863 338 1925 hominum
355 1873 465 1926 mentes
484 1885 502 1926 a
520 1869 620 1928 massis
638 1867 789 1950 figmentis,
807 1869 876 1949 quin
894 1865 1002 1928 humile
1014 1867 1120 1948 ahquid
1133 1873 1225 1928 atter·

106 1963 211 2004 renum
230 1941 336 2004 daDeo
355 1947 485 2022 sentiant,
502 1947 557 2006 nisi
576 1967 666 2030 quum
685 1967 719 2007 su
739 1966 771 2008 ra
789 1945 925 2008 mnndum
944 1951 1139 2018 mussant,
1157 1945 1227 2006 illue

107 2043 164 2084 nos
182 2029 297 2082 resonat
314 2022 376 2084 Seri
396 2031 461 2086 tura
479 2031 509 2085 et
523 2033 646 2087 testatur
664 1967 775 2087 ooeiirm
784 2026 841 2086 Dei
859 2043 921 2085 essa
938 2025 1035 2084 sedem
1044 2024 1108 2102 (les.
1119 2025 1166 2100 66,
1177 2023 1226 2102 1.).

106 2101 257 2181 Quantum
276 2102 313 2162 ad
396 2123 429 2164 os
448 2111 565 2186 spectat,
583 2126 642 2166 non
662 2113 706 2168 est
744 2112 860 2186 erpetua
873 2105 1040 2178 ceremonia,
1058 2110 1088 2164 et
1100 2104 1226 2184 sineque

104 2203 163 2244 uon
184 2188 296 2242 nomtat
314 2181 438 2265 legitima
457 2185 558 2245 oratio.
590 2185 665 2245 Nam
683 2127 858 2266 puhhoanm,
878 2183 927 2263 qui
946 2182 1055 2242 deiecto
1073 2182 1104 2241 in
1121 2189 1226 2244 turam

103 2263 187 2322 vultu
205 2269 350 2343 promtu,
376 2263 488 2324 eoelum
507 2263 689 2326 nihilominus
707 2263 763 2324 fide
782 2283 833 2322 sna
849 2267 988 2344 penetrat.
1032 2259 1109 2322 Utile
1132 2265 1227 2320 tamen

99 2349 148 2402 est
164 2343 334 2402 exerdtium
353 2341 438 2417 illud,
458 2363 517 2423 quo
536 2363 568 2404 se
586 2343 816 2426 expergefaeiunt
833 2341 961 2402 honines
979 2339 1015 2402 ad
1036 2341 1227 2422 quaerendum

104 2421 212 2480 Deum
250 2419 313 2480 hno
331 2422 463 2502 pmandi
482 2422 568 2484 ardor
586 2431 689 2505 eorpus
708 2442 756 2484 sae
811 2422 850 2484 ita
868 2421 969 2496 afficit,
987 2426 1021 2481 ut
1039 2427 1150 2501 praeter
1168 2437 1231 2480 mo-

107 2501 275 2560 ditationa-
302 2499 379 2561 ultro
406 2509 530 2563 mentem
557 2509 700 2586 aequatur.
819 2521 836 2562 a
863 2507 929 2562 non'
945 2499 1062 2560 dubium
1090 2505 1133 2560 est
1197 2499 1206 2516 '

108 2580 251 2652 Christus
271 2597 359 2660 quum
378 2582 475 2640 oeulos
494 2583 608 2643 sustulit
626 2583 655 2643 in
675 2581 794 2654 eoelum,
812 2581 946 2664 singulari
965 2579 1140 2640 vehementia
1158 2519 1227 2640 m

103 2665 207 2742 raptos
225 2659 319 2718 inerit.
367 2659 449 2720 Adde
466 2662 544 2742 qnod
568 2663 650 2722 sicuti
669 2661 744 2744 apud
763 2661 876 2722 Patrem
895 2667 973 2722 tonas
997 2666 1069 2720 erat:
1098 2661 1138 2718 ita
1156 2659 1227 2720 alios

100 2759 222 2821 quoque
240 2738 391 2820 adipsum
409 2759 507 2802 seeum
526 2739 665 2803 deducere
683 2741 783 2804 voluit·
823 2747 946 2805 Grotius
1007 2764 1033 2800 o.
1073 2737 1227 2813 orditura

103 2819 257 2902 guatinum
276 2819 399 2892 aedona,
418 2839 507 2898 quum
521 2819 592 2881 nihil
605 2823 725 2903 petierit.
748 2820 807 2883 Sed
825 2821 954 2904 quamvis
994 2839 1012 2878 v
1083 2820 1146 2880 lists
1163 2838 1225 2900 pra-

99 2905 199 2961 eatum
217 2902 283 2958 esse
302 2899 448 2980 eonoeptis
465 2897 559 2960 verbis
577 2920 636 2962 non
655 2899 772 2976 reform,
796 2903 911 2962 minime
935 2907 1029 2961 umen
1068 2897 1165 2960 uhium
1182 2906 1228 2960 est

104 2979 627 3120 dietwinum
646 2980 1079 3140 ihinlllltlgii
1105 2976 1227 3131 ian

105 3139 176 3218 quin
193 3135 269 3195 nihil
286 3136 380 3196 minus
392 3101 611 3200 omnentaneuin
619 3081 678 3216 (Et,
696 3157 783 3220 quam
801 3159 896 3200 seeum
909 3139 994 3212 intus,
1014 3142 1046 3196 ut
1059 3098 1163 3215 sthpidi
1175 3134 1226 3194 ho·

106 3217 202 3276 mirrea
221 3213 325 3290 soleant,
343 3233 404 3276 asse
420 3218 637 3280 tumultuatum:
665 3238 742 3280 nune
761 3219 910 3298 impetrata
927 3214 1027 3278 Lazasi
1045 3214 1104 3275 viu
1123 3213 1226 3293 graias
1296 3256 1299 3268 ,

108 3293 194 3355 Patri
218 3292 287 3373 agit.
334 3292 422 3356 Porro
444 3297 522 3378 quod
545 3304 691 3380 ooeeptam
713 3297 792 3360 Patri
813 3296 898 3356 refert
920 3293 993 3356 hano
1016 3295 1152 3355 mutuum
1174 3311 1228 3354 noe

107 3371 164 3434 sihi
188 3377 319 3453 arrogat,
347 3373 430 3436 ineo
453 3395 484 3437 se
507 3375 600 3437 Patris
618 3378 757 3438 dnnmxat
773 3375 932 3436 ministrum
949 3373 1106 3456 profitetur.
1153 3372 1228 3434 Nam

104 3457 196 3536 prout
215 3471 248 3512 se
266 3451 303 3512 ad
327 3451 470 3516 hominnm
494 3463 609 3538 captum
632 3461 813 3538 attemperat,
840 3471 918 3515 nune
939 3453 1033 3534 palum
1055 3450 1228 3510 humatam

105 3552 189 3593 suam
209 3549 337 3592 merens
355 3534 407 3594 sihi
424 3535 548 3597 vindieat
565 3535 700 3616 quiequid
718 3542 762 3596 est
779 3532 844 3608 Dei,
862 3550 939 3592 nune
957 3531 1094 3591 sustinere
1105 3527 1229 3588 hominis

106 3629 260 3692 personam
280 3618 428 3676 contentus
446 3613 538 3676 totam
556 3615 706 3676 divinitatis
725 3615 843 3697 doniam
861 3610 940 3673 Patri
958 3607 1093 3672 coneedit
1112 3605 1231 3669 Unum-

106 3707 169 3770 que
186 3709 244 3750 uno
263 3691 350 3753 verbo
369 3691 550 3776 Euangeliou
569 3697 675 3777 optime
693 3695 740 3756 hie
763 3691 907 3766 maudiut,
936 3709 1026 3772 quum
1049 3685 1116 3748 dieit
1138 3685 1229 3748 audiri

109 3788 131 3828 a
148 3765 233 3829 Pohe
251 3769 408 3845 Choistmn,
426 3775 479 3834 sed
497 3793 563 3834 eum
581 3776 684 3856 gratias
703 3792 795 3856 agere,
812 3779 847 3834 ut
865 3772 955 3833 selant
972 3769 1100 3830 homines
1118 3765 1228 3848 quoda

109 3845 200 3906 Patra
216 3849 314 3910 missus
333 3851 436 3930 inerit,
459 3852 516 3913 hoo
533 3859 590 3928 est,
612 3860 645 3914 ut
663 3852 719 3914 Dei
737 3852 827 3914 lilium
845 3855 1007 3934 agnoscam·
1055 3845 1130 3988 32⁰
1153 3845 1228 3908 anim

110 3945 173 3988 uon
191 3933 299 4008 poterat
308 3927 416 3994 Christi
434 3931 564 3994 maiestas
581 3933 612 3994 in
630 3951 682 3993 sua
700 3933 844 3994 altitudine
862 3927 1042 4014 apprehendi,
1106 3927 1229 4004 'vinna

108 4005 235 4086 quanin
253 4025 337 4070 earne
356 4011 418 4072 eius
436 4014 581 4094 appannit,
599 4012 636 4073 ad
649 4011 732 4074 'illam
750 4010 924 4073 altitudinem
943 4008 1079 4091 gradatim
1097 4007 1229 4068 subvexit

106 4083 194 4146 rudo
213 4093 242 4147 et
258 4087 357 4150 tardos
374 4089 523 4152 hominum
541 4111 648 4154 sensns.
690 4091 764 4153 Nona
782 4110 872 4172 quum
888 4095 966 4152 totus
979 4106 1045 4162 ¹esse
1063 4093 1160 4148 nuder
1177 4105 1228 4146 vo·

106 4164 201 4236 luds
219 4187 279 4228 non
297 4169 404 4232 mirum
422 4177 467 4231 est
484 4172 509 4232 si
526 4171 611 4232 varus
629 4171 721 4234 modis
738 4189 770 4234 se
787 4171 870 4232 nohis
889 4167 1091 4231 oeeommoueu
1109 4165 1229 4246 imoqui
1296 4175 1299 4182 ’

106 4251 226 4388 puger
243 4267 299 4308 nos
317 4248 457 4310 exinaniri
475 4267 575 4334 passus
593 4257 652 4330 ost,
679 4250 750 4313 nihil
772 4249 885 4314 absurdi
903 4254 961 4324 est,
987 4249 1127 4310 sinestra
1144 4259 1230 4307 causa

106 4342 138 4384 aa
192 4327 297 4387 mittat.

185 4405 235 4468 42.
255 4406 390 4470 soledos·
408 4409 487 4492 pond
502 4431 620 4494 semper.
660 4408 817 4492 onuphrio
836 4415 888 4487 ost,
906 4427 942 4470 ne
960 4406 1025 4488 quis
1043 4405 1155 4486 putaret
1171 4415 1230 4460 nun
