2742 4856
469 215 597 280 CAPUT?
613 211 691 278 Xlll.
1077 220 1138 282 239

44 339 136 419 plotas
153 339 181 393 et
198 331 354 407 Doctores,
374 325 463 411 burun
480 332 617 413 loquutus
635 339 685 391 sst·
696 331 751 391 illis
766 328 901 470 Spiritus,
912 331 990 392 oliti
1007 321 1083 392 abnd
1101 335 1142 393 iuss

44 417 134 496 telligo
151 431 233 494 quam
252 411 339 470 luisse
358 417 432 472 tunc·
444 413 472 470 iu
492 414 601 472 actione
619 411 738 494 publica.
757 409 784 470 A
804 411 845 472 dit
863 413 1004 484 ieiunium,
1022 419 1056 471 ut
1073 414 1143 472 scia·

43 513 103 556 mus
120 511 212 554 eorum
230 495 341 550 mcum
358 491 438 550 omni
455 492 654 572 inpedimento
672 491 758 550 luisse
775 489 890 565 solutas,
910 511 945 551 ns
984 492 1032 550 nid
1050 491 1144 552 obsta·

42 583 93 649 rat,
111 573 257 654 quominus
275 570 406 628 vaticinio
425 571 513 650 magis
532 577 654 630 attentae
673 575 773 629 essem.
794 569 944 631 Caeterum
963 513 1077 632 :lobium
1092 579 1143 646 est,

42 655 153 714 fueritne
170 655 333 730 susceptum
351 648 386 708 ab
405 649 460 708 illis
479 669 518 709 ex
535 649 661 730 professo
680 650 823 724 ieiunium,
842 667 878 710 an
899 650 991 709 solum
1010 650 1144 732 significet

41 733 125 792 Lucas
143 749 231 810 nsqqc
250 729 291 788 sd
305 734 416 808 tempus
434 729 504 788 illud
522 729 608 789 fuisse
626 731 742 788 ieiunos.
761 721 825 788 Hoc
843 729 956 809 quidem
974 737 1054 789 cutm
1075 749 1143 789 cou-

41 811 196 872 trurcraism
219 813 277 881 est,
296 823 333 868 ax
353 823 442 866 rcasaa
464 808 551 868 luisse
568 811 635 868 istas
658 810 897 884 ammanitas,
921 827 979 888 qno
998 809 1062 890 plus
1079 809 1146 886 fidei
1247 827 1250 837 ’

40 892 111 972 apud
129 909 178 948 noa
197 887 299 946 babeat
344 885 399 945 auli
418 888 537 947 vocatio.
993 909 996 919 ¹
1106 911 1114 922 ·
1157 873 1167 898 ’

117 973 272 1050 Segregots
289 967 370 1024 mtlt.
408 963 488 1026 lubet
506 965 585 1026 Deua
604 966 737 1027 ecclcsiae
755 967 891 1045 suffragiis
915 967 1004 1028 emitti
1025 965 1144 1027 Paulum

41 1056 69 1109 et
87 1045 247 1118 &mabam
265 1063 324 1124 quo
337 1045 419 1182 eipsos
438 1045 599 1106 destinavita
619 1046 695 1106 unde
712 1046 882 1127 colligimus,
902 1045 1006 1126 nullam
1027 1065 1087 1106 esse
1105 1047 1144 1106 lc·

60 1130 161 1188 ‘limam
170 1123 318 1184 Pastorum
364 1125 510 1200 cntionem,
528 1125 581 1184 nisi
600 1125 630 1184 in
649 1143 706 1204 qua
724 1123 804 1185 Deus
844 1127 927 1184 rimas
946 1132 1024 1185 tenet
1042 1132 1143 1206 partes.

41 1151 112 1266 bam
131 1203 204 1284 qnod
222 1200 356 1292 tussitat
376 1201 500 1263 Ecclesia
524 1203 600 1284 elligi
619 1203 750 1264 Paatorns
768 1211 798 1264 et
816 1147 985 1286 «Episcopus,
1003 1205 1144 1284 ncnidso

40 1293 145 1344 tontum
162 1283 286 1342 boeotus
305 1283 430 1362 permisit
449 1283 617 1356 bominibus,
635 1283 704 1364 quin
722 1283 783 1364 lpse
797 1289 843 1344 tan
884 1303 1066 1344 amanmmos
1085 1305 1146 1344 mo·

40 1366 147 1423 durator
173 1361 337 1441 praesideat.
385 1361 488 1422 ffiffert
515 1363 629 1442 quidem
654 1361 690 1422 ab
715 1363 769 1423 bac
787 1361 857 1423 Paul
887 1370 918 1424 et
934 1363 1079 1424 Barnabas
1098 1364 1145 1424 de·

38 1443 187 1522 signatione
209 1440 347 1500 ordinaria
365 1439 514 1502 Pastorum
532 1443 644 1516 electio,
667 1441 733 1522 quia
751 1441 860 1506 lutnrcs
880 1443 1004 1524 gentium
1023 1443 1146 1523 Aposto

41 1524 82 1582 los
106 1519 215 1580 coelesti
240 1519 353 1579 oraculo
379 1523 511 1581 constitui
529 1523 667 1604 oportuit,
696 1521 773 1601 qnod
793 1523 917 1602 quotidie
935 1524 964 1581 in
984 1523 1147 1582 ordinandis

37 1599 195 1660 Pastoribns
213 1597 274 1658 tisri
293 1617 404 1658 necasse
423 1619 480 1661 nau
500 1608 551 1662 est
570 1600 634 1660 lioc
651 1607 744 1660 umen
765 1609 921 1662 commune*
932 1601 1045 1673 babent,
1065 1601 1143 1686 qnod

40 1681 117 1740 sicuti
135 1677 253 1738 Paulum
281 1684 311 1736 st
329 1677 469 1740 Barnabm
497 1686 617 1740 usuro·
645 1687 688 1740 cst
706 1679 785 1740 Deus
814 1701 866 1741 sno
896 1682 1007 1740 dccmto
1033 1679 1089 1740 iam
1108 1681 1144 1740 ad

37 1758 215 1840 Evangelinm
241 1757 457 1854 praedicandum
481 1758 633 1820 damatus
651 1779 726 1835 csse,
753 1763 792 1820 ite
810 1781 867 1821 nou
885 1761 954 1820 alios
973 1761 1008 1818 ad
1028 1759 1149 1820 docendi

39 1857 139 1900 munus
158 1855 252 1896 socan
272 1837 314 1895 las
333 1843 389 1909 est,
417 1839 471 1898 nisi
490 1857 561 1920 qnos
585 1840 641 1898 iam
660 1838 740 1900 Deus
759 1839 812 1899 sibi
830 1841 1008 1919 quodamodo
1034 1840 1143 1918 delegit

35 1919 124 1978 Porro
142 1933 253 1978 nomae
273 1935 330 1976 nou
350 1923 401 1991 eci,
422 1925 453 1978 ut
472 1919 553 1980 nobis
572 1917 695 2000 Spiritus
713 1937 731 1980 c
750 1919 829 1979 coelo
847 1921 993 1992 inclamet,
1012 1917 1144 1996 divinitus

35 2005 165 2058 vocatum
183 2015 244 2056 esse
262 2015 328 2056 cnm
348 1996 383 2056 de
401 2017 460 2078 qna
478 2000 584 2082 agilum
649 1999 674 2059 'a
700 2017 773 2078 quos
791 1997 870 2058 Deus
893 1996 1027 2058 instruxit
1048 2015 1146 2057 necm-

35 2079 112 2138 scriis
140 2073 265 2148 delibus,
294 2095 382 2156 quum
411 2079 471 2137 sius
495 2097 581 2138 manu
621 2079 722 2138 ormati
751 2079 806 2138 siut
834 2086 862 2138 et
890 2077 988 2158 aptati,
1015 2095 1073 2135 non
1103 2095 1145 2135 ss·

35 2176 84 2218 cus
113 2176 146 2215 ac
175 2155 211 2214 ds
239 2173 325 2216 manu
354 2162 387 2216 ut
413 2157 493 2216 aiunt
518 2157 550 2217 in
578 2175 692 2217 manum
720 2153 756 2215 ab
785 2175 819 2216 ec
847 2157 926 2216 nobis
954 2155 1072 2216 traditos
1102 2174 1145 2214 rc*

35 2239 158 2318 cipimus.
210 2232 268 2294 Sed
301 2235 378 2318 qnod
412 2234 458 2294 bic
490 2236 560 2296 dicit
592 2235 684 2298 lucas
717 2234 836 2296 Paulum
868 2235 1009 2296 Ecclesiae
1046 2233 1145 2294 suifra-

34 2319 82 2398 qiis
112 2315 269 2376 ordinatum
297 2333 370 2388 esse,
399 2315 510 2376 viddnr
538 2317 653 2376 minime
680 2314 761 2376 Pauli
788 2311 880 2376 verbis
908 2333 970 2376 ease
999 2320 1144 2375 censenta-

34 2415 126 2466 ueum,
146 2393 197 2453 nbi
216 2411 247 2452 se
265 2393 365 2454 velrab
384 2392 557 2470 hominibus,
579 2395 626 2455 rel
649 2413 701 2477 pen
720 2395 846 2456 bomincs
865 2403 997 2455 vocatum
1017 2411 1078 2454 esse
1096 2411 1144 2452 ne·

34 2483 80 2554 qni
110 2473 187 2550 (Gal.
208 2478 235 2546 l,
253 2474 306 2542 1.).
346 2471 528 2554 Respondes,
556 2475 648 2534 mrrltc
677 2482 743 2536 autc
771 2481 893 2534 creatum
917 2475 1003 2534 inisse
1021 2473 1151 2556 Apate-³

34 2558 103 2628 lum,
122 2553 207 2632 idque
225 2553 307 2612 nullis
326 2551 472 2612 bominum
490 2553 634 2634 fuffragiis,
654 2573 739 2636 qnam
758 2555 792 2614 ad
812 2563 907 2634 gentes
926 2556 1096 2628 mitteretur,
1115 2557 1145 2612 et

34 2639 87 2693 inm
107 2631 274 2713 Apostclatu
293 2650 344 2712 psr
363 2651 451 2692 annos
469 2635 627 2718 complures
645 2636 760 2696 iunctus
779 2641 852 2708 erat,
877 2653 966 2715 quum
984 2653 1061 2692 novo
1081 2649 1142 2692 ora-

34 2715 97 2774 :ulo
117 2711 154 2770 sd
173 2717 267 2792 gentes
286 2711 391 2770 accitus
410 2711 482 2772 faits·
501 2732 588 2794 quara
613 2720 646 2774 nt
664 2713 758 2810 Deum
778 2711 879 2774 babeat
896 2713 1081 2810 Apostclatus
1099 2712 1144 2770 sui

34 2799 188 2864 ructorem,
206 2809 269 2861 ¹nou
283 2792 427 2851 immerito
446 2789 572 2852 homines
591 2794 723 2854 excludit.
763 2791 822 2852 Nec
840 2814 909 2854 vero
928 2793 993 2853 rdco
1012 2809 1089 2852 nunc
1106 2787 1143 2850 ab

514 2873 521 2890 0
544 2875 550 2890 Ι

34 2873 155 2934 Ecclesia
185 2870 307 2930 ordinari
336 2889 401 2932 eum
430 2872 480 2951 pra
514 2882 564 3012 iput
608 2879 639 2931 ut
668 2873 703 2932 ab
727 2871 872 2934 bominum
892 2874 994 2933 indicio
1014 2873 1143 2932 eius'vo-

34 2955 102 3013 natio
122 2950 254 3032 pendeat,
283 2949 333 3008 sed
352 2947 495 3010 decretum
546 2913 583 3010 nal
602 2969 694 3026 sunm,
723 2953 801 3031 quod
819 2955 914 3032 pancio
933 2951 1026 3012 adhuc
1043 2957 1144 3010 notum

34 3040 102 3102 arat,
132 3029 213 3090 Dens
242 3045 318 3088 nnnc
345 3030 507 3110 promulgat
533 3029 646 3111 publico
674 3031 781 3104 edicto,
810 3038 841 3089 et
868 3031 974 3090 solenni
1003 3029 1144 3089 Ecclesiae

34 3111 234 3192 oobscriptionc
268 3109 415 3190 obsignari·
442 3109 527 3168 iubat.
576 3107 682 3168 Sensus
711 3127 777 3190 ergo
807 3110 956 3169 verborum
986 3115 1047 3181 est,
1084 3108 1143 3165 lam

34 3193 125 3250 rdessc
150 3197 282 3268 ttrnprus,
312 3207 370 3267 qno
399 3187 504 3247 Paulus
528 3186 711 3270 Evangelium
736 3209 749 3245 s
770 3195 848 3268 argei
870 3190 949 3248 inter
1025 3193 1086 3258 tes,
1115 3191 1145 3243 ct

34 3273 123 3329 lirrato
153 3271 260 3350 porictc
287 3266 441 3328 Ecclesiam
470 3266 584 3346 colligat
612 3287 649 3326 ex
674 3210 814 3347 gentibus,
844 3287 917 3347 qnae
945 3287 965 3347 p
991 3285 1024 3325 us
1053 3270 1133 3324 exter

34 3369 97 3409 reae
117 3349 230 3408 fumant
248 3365 266 3406 a
284 3367 314 3406 re
353 3365 371 3406 o
391 3345 458 3406 Dei:
478 3367 544 3406 narn
564 3349 693 3427 quamvis
717 3347 852 3406 basianum
875 3349 934 3407 eins
959 3364 1045 3424 opera
1064 3343 1145 3403 Deus

34 3427 197 3489 lntiocbiae
227 3433 258 3486 et
285 3428 351 3486 alii
380 3445 447 3486 nsua
476 3433 568 3502 esset,
597 3427 653 3486 boc
686 3444 762 3485 nunc
791 3426 903 3485 demum
931 3425 1071 3507 peculiare
1100 3439 1144 3481 ac-

34 3511 124 3582 essit,
155 3507 232 3588 quod
262 3513 361 3586 gentes
389 3507 481 3566 voluit
510 3508 539 3565 in
563 3506 680 3565 eandem
705 3523 770 3565 conr
792 3505 902 3564 ludaeis
926 3508 1001 3564 vitae
1021 3501 1144 3563 lraeredi·

34 3597 113 3648 ntem
139 3594 283 3666 cooptare.
315 3585 426 3664 Quodsi
445 3585 480 3644 ab
499 3587 579 3646 initio
599 3587 638 3645 sic
657 3591 859 3646 creatus'esset
876 3581 1016 3644 Ecclesiae
1036 3585 1163 3662 doctor,‘=

34 3689 58 3728 re
91 3675 157 3726 tum
188 3667 300 3746 quidem
329 3685 382 3747 per
410 3664 537 3726 homines
566 3665 664 3726 luisset
691 3671 820 3725 vocatust
852 3683 918 3728 nam
938 3682 1025 3746 quum
1045 3662 1143 3724 Domi-

34 3767 79 3806 ors
106 3765 176 3806 ase
201 3753 334 3806 vocabam
358 3748 535 3828 pronuntiat,
564 3747 631 3827 quid
656 3746 707 3805 reli
727 3765 794 3806 uum
819 3745 885 3805 iacit
908 3743 1061 3818 Ecclesiae,
1090 3745 1143 3803 nisi

34 3835 53 3885 rt
88 3825 254 3886 obedienter
282 3825 456 3886 subscribat?
489 3845 580 3905 neque
608 3827 684 3886 cuim
707 3767 758 3885 bic
786 3827 970 3907 interponitur
999 3825 1142 3884 hominurn

34 3907 173 3986 odicium⁴
194 3908 274 3985 quasi
301 3908 333 3964 in
362 3925 393 3967 rc
420 3902 565 3987 ambigua,
579 3925 685 3988 ¹neque
708 3907 845 3988 sullraqiis
864 3913 908 3965 est
925 3905 1047 3964 libertas.
1086 3902 1143 3961 Sed
1185 3953 1188 3961 .

34 3986 190 4046 ruendum·
213 3993 255 4045 cst
287 3986 364 4065 quod
393 3986 465 4062 diui,
494 4007 552 4046 uon
581 3988 712 4048 constitui
740 4005 816 4046 nunc
844 3986 956 4046 demum
985 3986 1015 4044 in
1046 3983 1142 4043 ordino

34 4069 190 4126 tectorum
220 4064 342 4126 Paulum
371 4074 400 4130 et
428 4065 598 4139 Bamabam,
627 4067 676 4126 sed
701 4065 950 4126 extraordinarium
969 4063 1023 4124 illis
1041 4081 1151 4123 munos.

34 4147 148 4225 riungi,
170 4151 215 4205 'ut
238 4145 325 4225 vulgo
344 4145 381 4206 ad
399 4154 496 4227 gentes
514 4144 641 4226 prolerre
660 4145 715 4204 not
735 4147 851 4226 gratiam
870 4146 1009 4226 incipiant.
1049 4142 1143 4223 Atque

34 4227 42 4283 l
79 4232 190 4286 sonant
221 4226 306 4287 verbe
335 4245 424 4306 quum
448 4226 563 4300 dicitnr,
592 4235 740 4307 segregate
760 4228 800 4284 od
818 4245 898 4306 opos.
937 4223 1050 4284 Novum
1070 4225 1144 4282 enirn

34 4309 94 4384 puls
128 4305 233 4386 procul
262 4306 349 4366 dubio
377 4312 407 4365 et
436 4305 527 4364 adbuc
555 4306 718 4366 inusitatum
747 4305 880 4386 designat.
925 4303 982 4363 Sed
1001 4303 1144 4386 quomodo

34 4385 118 4444 ocius
152 4385 201 4446 bic
228 4392 258 4444 et
287 4387 395 4466 college
422 4383 517 4444 Panlo
531 4385 689 4466 adiungitur
705 4383 863 4458 Barnabas,
880 4401 976 4464 ‘quem
1007 4401 1143 4462 nusquam
