2818 4848
164 197 225 264 ars
555 190 595 255 ιι
613 191 755 258 avano.
774 191 906 258 ιοιιιιι.
961 233 965 248 .
1088 149 1120 230 ¹-
1189 215 1194 230 ·

165 313 276 374 animae
293 307 464 371 intellectiva
482 327 570 389 quam
587 315 690 374 vocant
707 316 825 372 notatur
842 309 897 372 bac
914 327 992 370 voca.
1012 305 1064 370 »in
1083 309 1209 372 cundem
1228 327 1290 372 sno-

165 390 380 606 :idrnninppffipgpr
397 385 505 462 Moses,
533 387 650 451 Dentes.
670 395 724 466 29,
743 393 787 465 4.,
816 387 882 450 Nou
906 387 984 448 dedit
1004 387 1055 448 tibi
1072 387 1221 450 Dominus
1239 410 1293 450 cor
1327 437 1335 444 .
1398 407 1399 414 ¹

365 466 441 526 dum.
486 471 526 530 Ut
544 489 605 529 raca
623 471 738 532 redeosi
757 471 860 530 mla.
898 466 1104 529 Meminerimus
1125 489 1294 537 sermonem
1398 465 1399 486 ¹

166 549 302 692 Qu
346 545 455 685 ,findi
474 547 509 607 de
527 547 677 610 incredulis
696 549 747 630 qui
765 550 823 608 iam
842 553 907 608 ante
915 545 970 606 Dei
987 549 1102 624 gratiam
1110 555 1294 629 respuerant.
1398 571 1399 576 ¹

188 710 195 726 .
305 646 356 704 qm
374 645 421 685 em
439 633 484 686 cst
501 627 574 688 talos
591 626 653 688 fors
671 647 771 690 omnes
789 633 898 699 natura,
917 626 971 686 nisi
982 623 1120 688 Domirras
1139 647 1213 707 qnos
1233 628 1295 688 ele·

41 786 48 794 ¹
167 706 265 848 prtad
283 704 450 800 obsequium
465 707 554 766 'sunm
572 705 714 768 formaret
754 705 853 786 ltaque
871 705 907 766 ab
927 706 1008 765 initio
1027 724 1078 786 par
1096 713 1139 767 esi
1158 715 1187 767 et
1205 706 1294 766 indis·
1398 759 1399 770 .

179 805 261 848 eacus
288 784 436 846 hommum
464 784 602 846 conditior
631 786 682 846 sed
703 791 857 881 postquam
882 779 1096 864 reprobi-uitro
1119 792 1150 844 et
1175 786 1295 866 propria

167 864 274 927 malitia
291 861 358 924 Deo
377 862 496 926 rebelles
515 864 643 940 fnerrmt,
662 863 729 926 huuc
746 865 888 924 uindictae
907 865 988 924 locus
1007 869 1066 939 cst,
1094 865 1176 922 utin
1194 883 1297 944 repro·

167 944 238 1004 bum
257 962 372 1004 sensum
391 943 511 1005 coniecti
533 963 615 1004 ruore
637 945 727 1024 magis
750 963 785 1004 ac
807 945 896 1023 magis
919 944 951 1002 in
975 962 1060 1004 suurn
1089 943 1209 1003 exitium
1237 959 1302 1002 non
1398 1009 1399 1016 ἵ

169 1024 307 1085 desinant
346 1020 476 1090 Proinde¹
489 1023 567 1118 qnod
586 1021 727 1084 Dominus
745 1042 795 1084 eos
814 1023 941 1082 converti
959 1040 1019 1082 non
1038 1021 1116 1094 vult,
1140 1041 1179 1081 ex
1197 1039 1301 1081 eorum
1398 1027 1399 1030 ’

170 1103 255 1182 culpe
273 1107 383 1182 mapat‚
407 1103 475 1239 <pria
493 1103 548 1206 rpsi
568 1101 621 1162 sibi
640 1102 840 1182 desperationis
858 1101 973 1162 inerunt
991 1107 1134 1162 auctores.
1170 1099 1300 1160 Breviter

171 1183 258 1244 etiam
276 1179 321 1242 bis
345 1179 442 1261 Pnopr

171 1261 364 1330 convemionis
382 1261 508 1334 initium,
527 1279 629 1340 nempe
647 1259 697 1320 ubi
715 1259 801 1320 corda
821 1262 827 1276 '
852 1252 973 1334 amissit,
996 1279 1070 1341 quae
1090 1257 1127 1318 ab
1146 1260 1209 1338 ipso
1226 1265 1300 1316 tarn-

172 1341 223 1402 din
242 1359 340 1400 aversa
359 1358 421 1400 esse
439 1358 554 1400 necesse
573 1347 626 1415 cst,
647 1339 714 1398 dum
729 1337 852 1400 Satanne
870 1329 1191 1418 tenebris'occupaniur.
1221 1336 1299 1396 Con·
1398 1343 1399 1348 ’

171 1427 218 1482 tra
237 1425 332 1480 autem
350 1438 385 1479 ea
403 1425 446 1478 est
465 1419 508 1478 ris
528 1417 743 1492 divinissimis,
762 1424 795 1478 ut
813 1439 866 1479 nos
886 1419 922 1479 ad
942 1438 973 1480 so
991 1419 1081 1498 rapiat
1100 1424 1129 1476 et
1152 1418 1181 1476 in
1199 1415 1299 1495 imagi-
1398 1415 1399 1420 ’

172 1517 241 1560 uem
259 1496 317 1558 Dei
334 1498 524 1560 transformet.
553 1495 672 1558 Fructus
691 1498 882 1558 conversionis
901 1497 1014 1560 additur
1026 1505 1154 1572 mutio,
1172 1515 1230 1576 quo
1242 1513 1299 1554 no·
1398 1521 1399 1564 ι

174 1578 252 1640 mine
276 1577 406 1658 inteiligit
424 1575 568 1658 Propheta
592 1575 649 1652 Dei
672 1575 895 1637 benedictionem
923 1595 958 1638 ac
987 1597 1153 1658 prosperum
1181 1579 1299 1646 statum,
1398 1609 1399 1620 ι

174 1657 306 1738 adeoque
323 1655 516 1718 liberationem
536 1674 573 1715 ex
593 1655 723 1718 omnibus
742 1657 876 1730 miseriis,
905 1676 980 1737 quae
1002 1677 1040 1716 ex
1063 1657 1106 1716 ira
1123 1653 1179 1714 Dei
1195 1671 1300 1734 proue-
1398 1663 1399 1672 ¹

176 1735 267 1798 ninnt.
296 1733 356 1796 lam
375 1736 399 1794 si
418 1735 474 1795 hoc
492 1735 618 1816 reprobis
638 1727 776 1814 contingit
794 1743 906 1818 praeter
925 1735 1004 1796 vorbi
1023 1741 1161 1806 naturam,
1178 1731 1303 1802 tenenda

177 1821 222 1878 cst
240 1813 386 1874 antithesis
409 1816 543 1874 contrarii
569 1833 650 1890 usus,
666 1834 781 1895 ¹nempe
806 1817 836 1874 in
855 1835 921 1874 enm
940 1815 1027 1874 tinem
1046 1811 1201 1894 praedicari
1218 1809 1302 1870 nobis

177 1892 312 1968 verbum,
330 1899 364 1954 nt
381 1913 435 1954 uos
453 1894 594 1954 illuminet
611 1894 642 1954 in
660 1913 757 1954 veram
775 1893 832 1954 Dei
851 1893 990 1968 notitiam,
1010 1899 1044 1952 ut
1061 1893 1098 1953 ad
1116 1891 1212 1952 Deum
1231 1908 1299 1950 con·
1398 1881 1399 1908 ¹

72 1985 81 2002 “
109 1965 117 1988 ’
178 1979 273 2036 votat
290 1991 401 2052 nosque
419 1973 461 2034 illi
479 1969 648 2045 reconciliet,
668 1993 726 2052 qno
746 1972 821 2033 beati
840 1967 875 2032 ac
893 1973 990 2033 felices
1010 1973 1107 2032 ιίιιιιιι.

258 2053 307 2114 41.
356 2055 439 2113 Haeo
462 2053 538 2113 dixti
562 2056 685 2112 leontos.
734 2048 779 2110 Ne
806 2059 940 2132 putarent
964 2052 1084 2114 lectores
1107 2049 1307 2138 intempestive
1398 2061 1399 2122 1

180 2131 261 2211 citari
279 2131 336 2192 hoo
354 2131 532 2200 vaticinium,
562 2131 664 2192 diserte
689 2130 822 2192 admonet
846 2130 965 2192 loannes
984 2129 1154 2210 Prophetam
1172 2135 1231 2189 ubn
1253 2130 1306 2190 uui
1398 2141 1399 2188 t

180 2211 295 2273 saemrlo
319 2212 464 2271 doctorem
487 2210 573 2272 fuisso
596 2210 728 2286 missurn,
758 2213 825 2290 quin
855 2210 951 2291 potius
979 2217 1118 2272 ostensam
1144 2209 1185 2269 illi
1215 2208 1307 2284 scrisse

181 2290 290 2354 Christi
333 2291 446 2364 loriam,
476 2296 510 2350 ui
532 2309 631 2351 eorum
677 2310 730 2349 uae
756 2289 807 2350 snb
827 2309 914 2371 regno
934 2291 992 2352 εὶιιι
1011 2289 1105 2350 sutura
1122 2293 1203 2350 eraut
1222 2288 1307 2348 testis

180 2377 264 2436 essct,
345 2389 461 2430 norsum
480 2371 561 2430 »enim
585 2369 736 2430 tondeant
759 2369 939 2448 propheticae
963 2369 1161 2442 revelationes,
1190 2368 1245 2426 nisi
1270 2372 1309 2426 ut

182 2450 262 2530 quod
280 2455 445 2530 acceperant
463 2448 504 2510 ilii
523 2447 613 2508 alico
633 2449 748 2528 reliquis
768 2449 849 2526 quasi
868 2468 919 2528 per
938 2467 1038 2508 manus
1056 2447 1215 2508 tradorcui‘i
1234 2445 1310 2504 Cae·
1398 2511 1399 2524 χ

183 2535 278 2588 terum
297 2548 351 2608 pro
371 2527 500 2586 confesso
525 2529 611 2586 sumit
629 2525 823 2607 Evangelista,
852 2527 930 2606 quod
949 2527 1052 2588 viderit
1069 2526 1170 2586 [esaias
1189 2525 1311 2606 gloriam
1398 2533 1399 2604 ζ

184 2603 301 2668 Christi.
340 2603 431 2744 Unddd
441 2604 556 2687 colligit,
575 2605 731 2682 doctqinam
751 2626 832 2670 suam
856 2606 892 2668 ad
912 2607 1041 2670 futurum
1059 2605 1139 2688 regni
1158 2603 1234 2668 illius
1252 2605 1310 2665 sta·
1398 2621 1399 2624 ’

185 2693 249 2746 turn
267 2703 393 2746 accomm
432 2702 502 2745 asse.

274 2845 327 2920 42.
351 2851 575 2922 Veruntamen·
589 2833 683 2924 etiarn
711 2879 753 2925 ex
774 2855 970 2948 Principibus
995 2837 1088 2922 mciii
1114 2849 1315 2940 crediderumt

187 2957 222 3024 in
244 2980 331 3027 eum:
363 2959 420 3028 sed
447 2970 574 3051 propter
595 2960 778 3030 Pharisaeos
800 2987 866 3029 ιιοιι
886 2961 1130 3042 confitebantur,
1162 2981 1205 3025 ne
1227 2955 1315 3035 eiice-

189 3073 298 3130 rentnr
318 3074 405 3132 extra
427 3087 625 3157 synagogam.
670 3068 723 3134 43.
746 3067 935 3138 Dilexerunt
956 3065 1041 3136 enim
1062 3063 1194 3158 gloriam
1215 3061 1315 3129 homi-
1398 3059 1399 3068 ¹

174 3191 267 3277 Ιιιιιιιι
288 3169 396 3263 mqgis,
418 3193 512 3262 quam
534 3173 664 3266 gloriam
681 3173 751 3241 Dei.
795 3171 849 3240 44.
871 3173 959 3241 lesus
981 3183 1087 3240 sutem
1109 3168 1262 3250 clamavit,
1284 3175 1319 3234 et

188 3274 281 3359 dixit,
303 3275 365 3360 Qui
388 3275 485 3346 credit
506 3278 538 3344 in
560 3303 627 3362 me,
655 3303 721 3346 ιιοιι
742 3281 839 3347 credit
859 3281 892 3344 in
916 3301 982 3361 me,
1009 3279 1065 3344 sed
1087 3277 1120 3343 iu
1143 3299 1232 3356 eum,
1260 3271 1317 3362 qui

133 3425 141 3442 ι
188 3380 276 3449 misit
296 3405 376 3452 rues„
407 3375 461 3450 45.
482 3381 524 3452 Et
546 3385 600 3477 qni
628 3383 714 3452 videt
743 3408 811 3466 me,
839 3383 924 3452 videt
945 3407 1034 3466 eum,
1069 3383 1123 3472 qui
1145 3380 1228 3446 misit
1249 3401 1316 3444 rue.

188 3479 243 3555 46.
264 3484 334 3579 Ego
357 3487 414 3554 lux
435 3488 468 3556 in
489 3489 645 3558 mundum
666 3491 750 3573 verri,
770 3501 807 3557 ut
828 3489 1008 3581 quicunque
1030 3487 1125 3556 crodit
1145 3486 1179 3552 iu
1193 3507 1258 3585 me,¹
1282 3483 1318 3564 iu

188 3593 325 3660 tenebris
347 3617 412 3660 uon
435 3605 567 3661 maneat.

269 3719 317 3783 42.
362 3721 559 3782 Veruntamen
578 3723 672 3782 arabi.
716 3719 815 3798 Quum
834 3719 931 3782 ludaei
949 3719 1068 3783 confuso
1088 3719 1207 3800 strepitu
1227 3721 1258 3777 et
1278 3715 1320 3778 ic·

69 3795 72 3802 ¹
133 3853 135 3859 s
190 3798 269 3858 rocia
294 3797 440 3860 Christum
464 3808 522 3860 tam
547 3807 679 3880 proterva
702 3802 862 3872 reiicercnt,
891 3801 981 3860 uideri
1010 3806 1141 3881 poterant
1165 3797 1202 3856 ad
1228 3817 1322 3856 ιιιιιιιιι

156 3883 159 3908 ¹
191 3895 292 3938 ornnes
311 3880 494 3958 conspirasse
520 3878 599 3938 Dicit
616 3887 713 3938 tamen
722 3877 802 3940 Evan

822 3881 911 3954 elisia,
930 3881 961 3940 in
981 3880 1029 3940 iila
1049 3877 1324 3941 commonitusque

191 3957 284 4036 gentis
303 3957 408 4017 multos
427 3979 511 4020 saone
530 3961 631 4019 mentis
650 3958 746 4019 inisse
786 3901 1057 4019 bdsmorubilesane
1076 3957 1239 4038 exemplum
1258 3976 1322 4036 gra·

192 4035 250 4095 tiae
259 4033 327 4096 Dei:
347 4055 414 4096 nam
432 4039 560 4120 impietas
579 4038 628 4098 nbi
646 4039 735 4098 semel
754 4037 920 4117 praevaluit,
941 4038 1082 4120 quostiam
1097 4045 1142 4097 cst
1157 4035 1326 4096 universalis

193 4114 265 4188 lues,
307 4133 358 4174 uas
377 4133 429 4176 sua
448 4119 617 4198 contagione
636 4118 760 4198 singulas
779 4120 909 4196 corporis
929 4125 1023 4200 partes
1042 4117 1143 4178 inficit„
1173 4115 1327 4196 Siugninre

192 4211 262 4276 ergo
318 4194 345 4253 si
368 4193 475 4256 donum
503 4204 561 4275 ost,
612 4217 681 4258 num
704 4199 734 4256 in
757 4197 864 4277 populo
889 4198 929 4257 ita
953 4204 1090 4278 corrupto
1114 4197 1217 4256 sinceri
1236 4193 1328 4274 niiqui

192 4279 318 4335 manent.
368 4271 542 4356 Quanquam
565 4219 663 4338 orbem
682 4275 739 4336 Dei
758 4277 847 4357 gratie
864 4273 951 4338 bodie
971 4295 1087 4356 qnoque
1107 4275 1277 4356 perspicitur
1297 4275 1328 4333 in

195 4352 317 4416 mundo:
337 4371 403 4414 nam
423 4358 607 4432 quantumvis
622 4357 726 4436 passim
742 4363 883 4438 grassstm
891 4355 1059 4440 impictaset
1070 4355 1126 4416 Dei
1136 4360 1330 4434 contemptus,

444 1188 507 1242 etas
530 1181 624 1243 verbis
648 1181 796 1256 docemur,
846 1181 909 1241 nale
937 1181 975 1242 sit
1001 1187 1117 1244 nostrae
1141 1177 1178 1242 ad
1202 1178 1300 1240 Deum
1398 1211 1399 1234 ι
