2786 4866
595 215 728 308 'occur
747 245 794 308 vr
877 198 882 216 ⁸
1193 245 1250 322 101
1362 253 1366 267 ·

119 365 193 425 ordo
212 355 413 442 quem'bncas
432 357 510 440 prius
528 357 640 434 retulit,
661 381 751 444 quum
770 365 898 426 omniurn
917 351 1141 436 facultatcslleo'
1160 385 1251 433 sacra

118 453 167 504 tae
194 443 225 502 io
254 455 408 500 commune
437 435 682 501 distribuerenturr
712 463 801 526 quum
825 445 958 528 Apostoli
982 454 1120 532 tunquam
1144 449 1202 514 Dei
1221 461 1249 512 et

117 539 276 607 pauperum
296 517 447 580 oeconomi
466 515 652 598 eleemosynis
671 531 844 602 praeessent.
883 526 922 588 At
946 527 973 586 ui
992 530 1080 608 paulo
1100 539 1166 614 post
1181 551 1248 592 exo-

116 607 188 666 ritur
207 619 340 661 murmur
360 596 439 680 quod
458 597 595 660 rationem
614 601 698 662 istam
719 603 881 666 conturbet.
951 609 976 666 'c
994 609 1053 684 illa,
1072 629 1160 690 quam
1179 611 1248 684 dixi,

115 683 254 743 vitiositas
273 677 425 740 bominum
444 684 572 757 apparet,
597 700 671 760 quae
694 695 748 743 nos
768 704 826 745 non
845 686 953 766 patitur
971 685 1053 748 bonis
1071 691 1247 754 uostrisuti.

113 762 210 824 Simul
239 757 451 820 observandum
474 761 517 816 cst
536 756 658 820 Satanae
682 762 848 840 artificium,
871 765 942 846 'qui,
973 773 1006 828 ut
1030 768 1171 830 donorum
1190 769 1247 830 Dei

115 863 203 912 usum
221 841 303 900 uobis
323 837 447 910 auferat,
471 835 526 896 boe
548 839 658 902 assidue
678 845 781 922 mtagit
800 863 835 905 ao
854 845 970 909 molitur
988 867 1027 907 ne
1045 869 1135 930 purus
1155 857 1189 910 er
1204 851 1245 910 in.
1359 876 1362 887 ι

115 931 198 1004 teger
218 925 342 992 maneat,
361 917 412 976 sed
431 916 488 976 aliis
506 913 693 991 'ncommodis
712 924 977 1003 permixtusveuiat
996 927 1026 991 in
1046 929 1244 1010 suspicionem,

116 997 272 1084 postea'in
289 997 430 1060 fastidium
449 1014 481 1056 ac
500 999 614 1059 tandem
638 999 793 1064 aboleatur.
833 1002 943 1068 Verum
963 1005 1095 1088 Apostoli
1120 1028 1174 1069 suo
1195 1029 1243 1069 ex-

119 1080 219 1162 emplo
237 1099 289 1139 nos
307 1079 463 1138 docuerunt
478 1077 616 1138 eiusmodi
635 1079 758 1142 Sauone
783 1082 921 1144 machinis
945 1087 1060 1147 minime
1086 1088 1243 1151 cedendum

120 1181 192 1222 esse
231 1157 328 1239 Neque
347 1158 424 1216 enim
442 1173 583 1217 murmure
601 1159 700 1219 ollbusi
721 1161 921 1237 ministerium,
948 1167 1026 1244 quod
1044 1165 1110 1227 Deo
1130 1169 1243 1252 placere

121 1243 231 1316 seiam,
257 1237 414 1298 tollendum
433 1241 558 1298 statuunt
576 1257 593 1298 c
611 1239 720 1314 medio,
750 1241 801 1302 sed
824 1245 982 1305 remedium
1008 1247 1170 1326 excogitant
1189 1269 1240 1344 po·

122 1324 192 1396 tius,
212 1337 270 1398 quo
289 1316 405 1377 tollatur
424 1317 539 1378 offensio
558 1324 587 1378 et
607 1321 760 1380 retineatur
779 1322 857 1400 quod
876 1321 933 1382 Dei
952 1329 1004 1384 est.
1048 1325 1099 1384 Sic
1125 1325 1243 1397 ommnn

113 1408 202 1482 'agere
220 1397 362 1458 convenit.
401 1393 475 1455 Nam
496 1398 630 1480 quicquid
654 1399 891 1461 offendiculorum
915 1404 1020 1462 excitet
1044 1405 1173 1484 quotidie
1190 1405 1244 1465 Sa:

115 1487 179 1554 tan,
209 1477 364 1558 prudenter
391 1477 545 1542 careudum
574 1485 630 1554 est,
659 1499 696 1540 nc
720 1479 855 1542 salutaria
879 1480 987 1566 alioqui
1009 1483 1139 1556 instituta
1157 1484 1245 1546 nobis·

111 1559 249 1622 excutiat.
936 1567 940 1589 '
1028 1587 1058 1603 ι’
1241 1565 1243 1574 '

196 1641 348 1700 Crescente
364 1657 488 1698 namne
527 1630 604 1698 Nihil
623 1640 712 1726 magis
732 1641 889 1722 optandum
913 1661 999 1726 quam
1025 1650 1059 1703 ut
1082 1640 1239 1706 Ecclesiam

115 1738 197 1781 suam
216 1717 297 1780 Deus
317 1717 431 1797 augeat,
460 1719 490 1776 ab
513 1717 638 1798 undique
663 1737 749 1799 quam
773 1720 912 1800 plurimos
937 1729 1070 1804 aggreget
1092 1723 1129 1786 ad
1154 1743 1239 1783 suum

114 1799 264 1882 populum,
284 1798 334 1858 sed
354 1797 447 1857 obstat
465 1797 565 1895 ingenii
584 1801 673 1858 nostri
692 1800 854 1880 corruptela
873 1819 909 1861 nc
929 1802 999 1885 quid
1018 1803 1096 1861 omni
1111 1809 1239 1888 exparte
1354 1833 1358 1848 ι

116 1881 157 1939 sit
174 1879 294 1940 beatum
334 1875 407 1938 Nam
427 1882 464 1936 eri
478 1875 619 1937 Ecclesiae
638 1880 817 1938 incrementis
836 1881 926 1940 multu
950 1880 1034 1940 simul
1057 1881 1243 1944 incommoda·

115 1965 279 2018 naseuntur.
319 1955 393 2018 Nam
413 1956 522 2018 difficile
541 1964 585 2017 est
603 1958 633 2018 in
651 1957 764 2018 tur-bam
783 1979 842 2020 non
861 1959 997 2040 obrepere
1016 1959 1121 2019 multos
1141 1957 1247 2040 hypo-i

115 2040 214 2110 critas,
239 2056 364 2118 quorum
383 2057 441 2096 non
460 2037 551 2096 statim
570 2037 709 2120 detegitur
731 2038 853 2112 malitia,
877 2039 970 2098 donec
995 2058 1046 2099 sua
1070 2041 1246 2122 contagione'

113 2285 241 2349 mecum,
259 2295 404 2358 nunquam
422 2277 492 2336 inte
510 2275 615 2336 multos
633 2282 693 2336 tam
712 2275 795 2336 facile
813 2275 960 2352 convenit,
979 2276 1029 2338 scd
1049 2297 1102 2362 pro
1123 2297 1237 2335 morum

113 2357 255 2418 varietate
274 2357 382 2416 diversa
402 2363 468 2415 sunt
483 2356 589 2430 studia,
609 2362 641 2415 ut
660 2356 710 2415 rix
729 2375 818 2416 unum
837 2376 875 2417 ex
894 2357 968 2416 idern
989 2357 1120 2422 omnibus
1140 2357 1236 2416 simili-

115 2444 163 2496 ter
191 2435 294 2518 placet.
335 2434 400 2495 Hoc
422 2435 580 2506 scandalum
604 2435 685 2510 facit,
715 2442 749 2498 ut
776 2437 859 2496 multi
887 2435 940 2494 sibi
969 2435 1090 2516 deligere
1108 2437 1243 2516 ¹cupiant'

141 2534 229 2574 ancos
257 2512 394 2576 Ecclesiae
422 2515 498 2590 loco,
526 2515 737 2576 multitudinem
765 2515 908 2577 fastidiant
933 2515 980 2575 vel
1006 2516 1094 2576 etiam
1113 2515 1236 2597 oderint.¹

117 2537 230 2654 b'enmr
247 2594 323 2653 nulla
341 2595 483 2668 molestia,
503 2595 613 2656 nullum
632 2595 757 2656 taedium
776 2597 848 2656 tanti
867 2597 930 2656 csse'
949 2593 1047 2670 debet,
1072 2597 1142 2676 quin
1161 2615 1233 2655 scm-

114 2692 170 2756 per
196 2673 278 2734 nobis
301 2675 379 2734 cordi
402 2676 439 2734 sit
465 2671 602 2736 Fcciesiae
630 2681 828 2756 augmentum,
858 2676 928 2762 quin
955 2693 1114 2756 propagare
1142 2676 1233 2758 ipsam
1317 2717 1323 2738 ι

113 2752 292 2832 studeamus,
316 2755 385 2836 quin
408 2754 552 2818 foveaoaus
576 2755 763 2840 quantumin
782 2755 863 2818 uobis
882 2762 927 2818 est
945 2775 1012 2818 cum
1031 2761 1093 2817 toto
1113 2757 1237 2836 corpme'

107 2836 254 2896 unitatem.
1240 2857 1243 2864 ⁴

192 2920 374 2978 Graecorum
396 2939 535 2980 murmur.
578 2915 653 2977 ilinc
677 2923 796 2998 apparet
820 2937 880 2978 non
903 2917 990 2980 fuisse
1014 2917 1097 3000 plene
1121 2914 1233 2997 spiritu

109 2994 169 3056 Dei
187 2997 339 3075 regenitus,
358 2996 460 3078 quibus
479 2997 581 3058 desidit
600 2998 711 3056 occasio
731 3003 774 3056 cst
792 2999 882 3076 gentis
901 3001 931 3056 et
949 2999 1056 3078 patriae
1072 2997 1231 3064 discrimen,

109 3073 187 3135 Nam
206 3076 236 3134 in
256 3074 384 3149 Christo,
406 3095 500 3157 neque
518 3076 637 3135 iudaeus
656 3081 714 3149 cst,
737 3094 830 3155 neque
850 3075 975 3134 Graecus
994 3075 1076 3150 (Gal.
1096 3077 1129 3148 3,
1150 3075 1231 3153 28.)÷

109 3153 233 3235 proinde
251 3155 303 3213 ista
324 3155 475 3216 aemulatio
495 3161 656 3215 carncmet
674 3155 811 3214 mundum
834 3154 940 3233 resipit.
980 3151 1048 3229 Quo
1075 3153 1164 3232 magis
1188 3155 1233 3212 vi?

111 3232 239 3292 dendum
257 3241 313 3308 cst,
332 3255 368 3295 ne
389 3236 457 3316 quid
476 3235 532 3295 tale
550 3241 676 3316 unquam
694 3232 776 3292 nobis
796 3231 923 3311 obrepat.
962 3231 1048 3291 Aliud
1067 3233 1170 3294 vitium
1188 3235 1231 3290 se}

111 3313 226 3393 quitur,
254 3313 329 3393 quud
352 3315 570 3396 indignationem
594 3317 675 3372 stram
698 3315 844 3371 murmure
868 3309 1020 3370 declarant
1060 3309 1166 3385 Pone,
1194 3328 1233 3375 an

107 3408 180 3452 vera
199 3390 282 3452 fuerit
339 3395 504 3468 acrimonia,
521 3395 661 3454 incertum
680 3398 730 3451 esi.
770 3389 844 3450 Nam
863 3389 1087 3472 quurnGraecos
1101 3403 1232 3448 muranu-

104 3493 192 3532 msse
217 3469 283 3532 dicit
324 3493 418 3547 aucas,
469 3474 525 3532 uod
550 3491 648 3532 eorum
672 3471 764 3530 viduis
783 3491 842 3532 non
861 3468 1017 3528 habebatur
1036 3467 1143 3542 bonor,
1172 3487 1231 3527 non

103 3549 178 3630 quid
198 3569 229 3610 re
248 3553 310 3632 ipsa
328 3551 435 3614 iactum
447 3495 551 3626 buerit,
571 3552 622 3611 sed
641 3551 709 3632 quid
727 3552 865 3612 senserint
883 3550 938 3628 illi,
958 3547 1052 3609 refert
1086 3545 1161 3608 iteri
1180 3565 1230 3605 au-

104 3635 166 3689 tem
184 3637 295 3710 polest,
354 3651 405 3692 um
423 3633 539 3694 Iudaeas
558 3630 729 3712 praeferrent
746 3630 892 3710 Apostoli,
912 3632 978 3712 qula
998 3629 1122 3687 notiores
1141 3631 1231 3694 erant,

106 3709 210 3769 Graeci
234 3731 300 3771 suas
337 3712 397 3770 also
421 3713 583 3793 putaverint
608 3711 749 3770 contemni
773 3719 909 3788 tanquam
937 3715 1094 3768 extraneas.
1133 3708 1231 3784 Atque

105 3787 165 3847 boc
182 3792 272 3870 magis
291 3789 438 3872 probabile
457 3793 576 3852 ridetur.
615 3789 726 3850 Nomen
746 3787 1014 3871 quoqneblinisterii
1034 3785 1161 3846 bilariam
1181 3789 1229 3844 ex}

103 3869 176 4005 ppni
217 3871 417 4007 .t⁸⁸²’.3⁰fiv⁰
436 3871 621 3967 velpassive.
656 3869 773 4009 goim
798 3870 873 3928 enim
896 3869 977 3964 initio
996 3865 1137 4005 bepllpsiae
1156 3865 1229 3926 dele-

102 3965 166 4085 tt:
184 3969 273 4088 iltis
291 3951 447 4106 biiii?
466 3951 661 4110 ltttffltta
682 3955 1229 4108 ibiibi}hliilbsillb‘lli

100 4103 147 4166 lla
166 4105 356 4168 ldinister'ium
375 4111 427 4170 erit
447 4109 611 4190 quotidiana
629 4109 677 4168 illa
696 4107 855 4168 distributio
876 4125 949 4188 qnae
968 4105 1030 4165 lieri
1049 4103 1166 4164 solebat.
1234 4115 1240 4140 ¹

183 4191 213 4248 2.
253 4189 418 4248 manassem
437 4192 582 4251 aduocato
600 4190 793 4250 multitudine.
832 4184 920 4264 Quod
939 4206 998 4246 non
1016 4185 1107 4270 magis
1126 4203 1240 4244 exeun·

102 4263 227 4330 descunt
240 4265 385 4348 Apostob,
403 4269 569 4328 tolerantiae
588 4273 617 4328 a
636 4269 859 4354 aequitatisestr
870 4265 956 4346 *qdod
975 4272 1085 4326 mature
1104 4265 1229 4326 nascenti

100 4345 180 4406 malo
200 4351 356 4408 occurrunt
374 4367 428 4408 nec
447 4349 581 4408 differunt
599 4349 770 4418 remediuma
794 4343 958 4430 prudentiae
976 4352 1020 4404 est
1039 4363 1073 4405 ae
1091 4347 1154 4424 piae
1173 4341 1236 4402 sol-¹

102 4423 280 4494 nundum
306 4424 459 4488 Dissensio
473 4429 548 4490 enim
568 4428 660 4492 omnis
677 4445 714 4488 so
726 4427 864 4490 sinantur
879 4432 1032 4509 postquam
1051 4420 1237 4484 mescone-¹

114 2137 207 2258 ¹{elegis
226 2123 337 2200 partem
346 2116 507 2176 ‘inlcoerirt
546 2115 630 2177 Multi
654 2119 740 2178 etiam
763 2116 899 2198 improbi,
927 2118 1067 2198 protervi,
1098 2117 1237 2193 dissoluti,
1343 2117 1349 2128 '

154 2199 208 2258 laci
227 2197 416 2280 poenitentiae
434 2201 580 2276 praetextu
598 2215 629 2256 se
647 2197 801 2258 insinuant.
840 2198 994 2278 Atquc'ut
1013 2197 1162 2260 innumera
1182 2197 1237 2257 alia
