2838 4848
600 261 727 329 caput
746 261 794 329 Vl.
1202 282 1258 340 ¹31

124 387 219 471 piam,
234 402 291 444 uon
311 375 468 443 obscuram
486 377 576 478 luisse
594 399 694 442 eorum
711 386 853 479 naturam
871 400 963 464 quum
981 383 1090 448 diuertis
1108 386 1203 451 rubis
1215 411 1257 452 re-

129 462 379 617 ssuth*
396 459 1260 618 camartaaruaraaua

128 645 161 688 se
177 625 357 706 ohstrcpuas
375 622 446 681 istas
466 628 497 681 et
517 622 598 702 quasi
616 639 716 682 raucas
735 641 829 682 voces.
859 621 933 683 Nam
949 625 972 683 si
982 643 1139 686 sermonem
1148 628 1259 690 habuis-

122 713 190 766 sent
208 725 279 766 cum
298 703 424 778 Christo,
443 719 510 782 spes
531 701 629 760 fusses
648 701 732 782 longe
751 702 862 777 melior,
887 703 966 784 quod
985 711 1083 786 aperta
1103 707 1142 764 illi
1161 709 1260 770 iniussu

122 787 173 846 via
193 786 235 845 ad
253 783 427 845 deoeudurua
443 799 525 840 nunc
582 801 632 840 um
651 801 778 842 scorsum
798 782 1000 863 obloquuntur,
1021 783 1098 846 viam
1113 784 1165 844 sibi
1174 789 1209 844 ad
1220 789 1261 847 di·

124 866 275 926 scendum
291 861 483 944 praecludunt.
514 858 549 920 N'
571 861 591 920 il
610 880 678 942 ergo
697 863 806 936 melius,
827 883 916 942 quum
931 861 1050 924 Domini
1069 883 1184 924 sensnm
1202 887 1261 928 nou

127 946 234 1004 statim
253 943 431 1022 assequimur,
451 959 540 1020 quam
559 947 636 1000 recta
653 940 691 1000 'ad
709 941 803 1022 ipsum
822 944 927 1014 venire,
947 950 981 1002 ut
998 943 1090 1003 nodos
1103 963 1261 1004 omnesno·

129 1022 181 1083 bis
202 1022 337 1102 expediat.
365 1024 432 1080 lloc
451 1043 504 1080 eos
522 1022 665 1104 offmditt
691 1020 813 1082 Videtur
830 1020 877 1082 hie
897 1021 1026 1084 Christus
1046 1043 1104 1083 nou
1124 1031 1183 1084 tam
1202 1027 1261 1084 exi-

133 1121 219 1162 mere
237 1099 393 1160 mndalum
414 1119 502 1180 qnam
521 1118 638 1180 augere:
657 1100 681 1159 si
700 1102 765 1181 quis
784 1108 878 1162 tamen
896 1104 1014 1184 propius
1028 1105 1260 1184 expeudatscau·

136 1181 196 1240 deli
219 1199 342 1254 oausam,
372 1185 436 1240 erat
459 1179 488 1238 iu
507 1178 562 1238 hac
581 1181 718 1240 sententia
737 1183 815 1260 quod
835 1201 934 1242 eorum
954 1185 1062 1242 auiuros
1081 1184 1260 1264 placamus

13 1291 15 1306 ›
133 1259 220 1320 teet
267 1258 393 1320 Humilis
422 1263 452 1318 et
475 1257 582 1318 abiecta
602 1257 708 1318 Christi
731 1261 854 1320 conditio
879 1281 965 1342 quam
991 1263 1080 1322 oculis
1099 1263 1259 1338 comebant,

127 1359 221 1420 quum
239 1357 326 1400 earne
346 1339 465 1397 indutus
484 1337 553 1396 nihil
571 1336 607 1397 ab
625 1337 773 1398 hominurn
792 1339 879 1420 vulgo
894 1341 1028 1416 differret,
1047 1341 1102 1400 illis
1113 1342 1259 1402 obstaculo

13 1471 17 1490 ,
127 1425 246 1478 eratne
265 1419 381 1478 divium
399 1417 460 1476 eius
478 1417 576 1477 virtuti
595 1417 690 1478 locum
709 1418 821 1478 dmenta
841 1439 918 1479 nuuc
936 1422 1016 1500 quasi
1035 1420 1174 1480 subducto
1193 1423 1259 1480 velo
1279 1463 1280 1468 η

127 1498 164 1558 ad
183 1499 319 1558 eoelestis
339 1516 409 1557 suae
428 1496 535 1578 gloriae
554 1503 738 1578 conspectum
756 1516 805 1557 cos
824 1506 947 1572 revocat,
971 1501 1028 1560 acsi
1047 1501 1161 1576 diceret,
1181 1499 1259 1579 Quia

123 1578 201 1638 inter
220 1577 352 1638 homiues
371 1577 434 1636 sine
453 1575 562 1636 honore
579 1596 694 1651 versor,
717 1575 799 1636 vobis
822 1597 887 1637 sum
912 1581 1087 1660 contemptui
1109 1599 1162 1641 noc
1202 1582 1258 1639 uic-

125 1677 218 1738 quam
245 1658 278 1716 iu
300 1676 350 1716 me
374 1655 504 1715 divinum
529 1655 691 1735 agnoscitis:
731 1655 809 1736 atqui
833 1657 919 1736 paulo
943 1665 1009 1739 post
1032 1657 1096 1734 liet,
1125 1666 1159 1718 ut
1177 1601 1258 1720 heus

127 1735 283 1817 magnilica
311 1739 417 1796 virtute
445 1753 494 1794 me
523 1741 654 1794 ornatum
679 1733 714 1794 ab
738 1734 795 1794 hoo
818 1738 1019 1818 contemptibili
1036 1739 1164 1799 mortalis
1182 1743 1258 1798 vitae

128 1823 208 1876 statu
238 1833 325 1896 snpra
349 1815 444 1875 coelos
466 1814 594 1874 exmllat
637 1811 711 1873 Num
729 1814 760 1874 in
780 1814 885 1876 Christi
904 1819 1107 1876 resurrectione
1125 1819 1190 1876 talis
1209 1839 1257 1898 ap·

128 1897 227 2032 paruit
245 1894 371 1976 Spiritus
393 1895 484 1954 sandi
502 1891 641 1974 potentia,
672 1912 744 1974 quae
764 1894 909 1956 Christum
933 1915 994 1956 esse
1013 1895 1114 1955 lilium
1134 1894 1189 1955 Dco'
1209 1915 1257 1976 pa-

146 1994 194 2033 am
210 1975 329 2049 iucem,
353 1975 424 2034 deut
443 1975 530 2035 etiam
549 1972 632 2032 docet
650 1970 758 2032 Paulus
776 1975 813 2032 ad
832 1973 917 2034 Rom.
937 1979 965 2050 1,
985 1977 1013 2036 4.
1052 1973 1090 2034 Et
1109 1995 1198 2054 quum
1219 1976 1257 2032 di-

136 2054 215 2112 citur
230 2053 281 2113 Ps.
299 2059 328 2126 2,
345 2054 374 2116 7.
390 2052 477 2112 Filius
496 2070 577 2111 mens
596 2069 627 2110 es
646 2057 696 2126 tu,
724 2072 778 2133 ego
803 2052 887 2112 hodie
910 2057 994 2190 penui
1017 2060 1060 2113 te:
1089 2055 1258 2113 resurrectio

135 2133 219 2214 quasi
248 2133 389 2214 specimen
416 2133 548 2192 statuitur
574 2130 652 2192 unde
680 2132 734 2190 ista
759 2131 866 2191 Christi
894 2133 983 2210 gorio
1009 2134 1124 2210 agnosci
1149 2133 1256 2191 debuit:

129 2231 268 2273 moenam
288 2231 357 2272 vero
377 2213 407 2271 iu
426 2211 539 2272 eoelum
558 2209 666 2291 glorioe
688 2211 770 2270 istius
794 2209 1034 2290 complementum
1057 2210 1121 2268 suit.
1171 2209 1259 2286 Quod

127 2291 200 2352 dicit
216 2315 249 2354 ee
263 2294 463 2374 prtuesutsse
481 2297 514 2351 ta
532 2293 626 2363 coelo,
655 2287 824 2349 humanitati
846 2290 962 2371 proprie
980 2306 1038 2350 uon
1063 2288 1199 2368 quadrat,
1230 2295 1259 2348 et
1289 2291 1290 2302 ¹

126 2377 226 2433 tamen
245 2371 282 2432 de
301 2369 373 2432 Filio
392 2370 515 2430 hominis
534 2369 676 2450 loquitur:
706 2369 755 2428 sed
780 2368 850 2429 haec
869 2369 1005 2450 loquendi
1023 2369 1115 2426 forma
1135 2368 1258 2447 insoleus

127 2470 192 2510 nou
210 2459 263 2525 est,
283 2450 397 2532 quaudo
416 2449 488 2509 duae
504 2455 623 2509 naturae
640 2450 670 2508 in
681 2447 796 2513 Christo
815 2467 965 2530 personam
979 2449 1258 2524 uuamconstitunnt,

131 2529 213 2610 qnod
231 2531 317 2589 unius
333 2530 479 2611 proprium
498 2534 542 2588 est
560 2528 596 2589 ad
617 2527 734 2590 alteram
753 2529 914 2604 transferre.
1207 2575 1210 2582 .
1281 2593 1284 2600 Α

212 2611 260 2672 63.
295 2615 425 2690 Spiritus
443 2617 486 2669 est
505 2617 556 2705 qut
575 2609 658 2688 uimfi
705 2650 714 2667 .
752 2607 806 2668 His
825 2607 1022 2669 verbisdocet
1036 2607 1174 2680 Christus,
1195 2605 1257 2666 uul-

129 2684 192 2747 inm
208 2687 286 2769 apud
299 2687 418 2748 ludaeos
433 2688 577 2748 doctrinae
596 2707 663 2748 suae
677 2686 837 2786 proiectum
852 2707 922 2764 esse,
942 2690 1009 2767 quia
1064 2707 1113 2746 nm
1128 2687 1257 2766 spiritua-

126 2766 164 2828 lis
184 2767 220 2828 sit
239 2775 270 2827 et
288 2765 403 2826 virifica
422 2785 505 2827 aures
523 2787 582 2828 uon
601 2775 722 2864 reperiat
735 2767 807 2828 bene
818 2775 1008 2850 praeparatas.
1044 2767 1257 2846 'edquiavarie
1282 2779 1285 2788 ¹

126 2849 276 2928 expositus
295 2847 350 2907 lirit
368 2845 416 2907 hic
436 2847 525 2920 loeus,
543 2848 683 2928 principio
702 2849 856 2927 genuinum
870 2847 1022 2909 verborum
1037 2865 1151 2906 sensum
1160 2851 1258 2904 tencre

128 2929 377 3010 operaepretium
396 2933 455 2988 esu
474 2925 540 2986 hinc
558 2925 639 2986 iacile
658 2926 765 3008 patebit
781 2926 888 2987 Christi
902 2927 1059 2987 eonsilium.
1090 2923 1178 3003 Quod
1197 2941 1257 2984 oar·

126 3025 197 3066 nem
212 3008 350 3088 prodesse
367 3013 463 3089 negat,
482 3005 555 3065 male
571 3006 795 3085 chrysostomus
813 3025 878 3067 meo
896 3007 1004 3066 iudicid
1020 3005 1056 3064 ad
1074 3003 1194 3063 ludaeos
1214 3021 1258 3062 re·

127 3085 197 3158 fert,
216 3087 411 3182 quineumales
430 3091 519 3147 eraut
544 3081 648 3146 Fateor
666 3086 783 3168 quidem
797 3086 828 3146 iu
841 3086 1008 3164 coelestihus
1017 3084 1158 3162 mysteriis
1168 3087 1258 3140 totam

129 3163 254 3224 humani
321 3183 376 3224 euu
392 3166 452 3226 rim
471 3183 637 3226 evanescere
656 3185 691 3225 ac
708 3165 842 3226 deiicere:
861 3165 911 3230 sed
929 3185 993 3226 eam
1013 3162 1178 3227 renuntians
1198 3165 1259 3220 non'
1392 3164 1396 3178 '

135 3243 287 3302 continent
360 3245 367 3260 '
393 3245 400 3261 “
414 3243 500 3306 rerba
517 3245 572 3304 nisi
585 3245 724 3306 violenter
737 3251 930 3326 torqueantur.
960 3243 1061 3323 Aeque
1074 3243 1104 3300 iu
1118 3239 1258 3300 antitheto

135 3327 257 3380 mactus
277 3327 349 3382 esset
368 3341 468 3399 semus,
488 3324 567 3404 quod
585 3325 691 3384 scilicet
709 3323 830 3406 Spiritus
849 3323 1017 3382 illuminatio
1036 3319 1171 3382 vivificet.
1197 3317 1259 3378 Neo

131 3405 215 3458 recte
233 3401 320 3459 etiarn
338 3400 388 3475 illi,
406 3406 451 3482 qni
461 3403 568 3464 Christi
587 3421 700 3464 carnem
714 3402 848 3484 prodesse
862 3401 958 3460 dieunt
973 3407 1113 3480 qnatenus
1122 3395 1258 3458 uenum

129 3484 184 3553 est,
204 3497 349 3540 comesam
367 3500 432 3541 vero
451 3482 522 3542 nihil
540 3481 624 3543 nobis
642 3483 755 3542 afferres
775 3480 845 3560 quin
885 3479 958 3538 otius
974 3481 1121 3538 comedere
1136 3492 1258 3536 eamne

128 3576 210 3618 cesse
230 3565 284 3633 eat,
304 3565 338 3620 ut
356 3559 489 3621 nneilixa
507 3563 607 3642 prosit
630 3560 807 3642 Augustinus
826 3498 1049 3618 sudaudieudum
1067 3560 1150 3638 putat
1168 3553 1259 3614 solam

127 3644 231 3718 et‘per
249 3657 291 3712 se,
311 3639 377 3719 qnia
396 3639 497 3701 debeat
516 3660 583 3701 cum
596 3637 705 3724 Spiritu
723 3637 865 3719 coniungi,
885 3637 963 3718 quod
982 3654 1049 3696 uum
1068 3636 1179 3714 reipsa
1192 3650 1258 3691 oon·
1285 3696 1289 3707 ,

129 3723 298 3776 smuneum
315 3723 374 3792 est,
402 3737 471 3780 nam
491 3718 623 3780 Christus
643 3719 679 3780 ad
697 3718 815 3780 modum
833 3716 934 3778 edendi
953 3715 1118 3797 simpliciter
1136 3712 1258 3792 respicit.

129 3789 197 3854 Nou
215 3815 285 3876 ergo
297 3800 436 3876 quamvis
456 3799 582 3860 excludit
600 3800 762 3874 utilitatem,
794 3797 875 3878 quasi
892 3793 972 3856 nulla
991 3794 1069 3878 perci
1090 3794 1099 3853 i
1118 3809 1155 3853 ex
1173 3808 1258 3851 came

128 3877 438 4018 matzath
449 3875 1049 4019 terrario-saaraim:
1059 3815 1259 4014 tlara

125 4029 197 4092 ldeo
216 4035 347 4115 quisquis
367 4037 398 4096 in
411 4037 542 4112 ‚terrestri
561 4037 652 4102 earnis
670 4043 772 4098 natura
790 3994 924 4106 suhsistit,
939 3975 1018 4096 ‘iuquit
1036 3975 1066 4094 ih
1084 4051 1118 4094 ea
1136 4031 1258 4114 reperiet
1328 4073 1333 4080 -

122 4113 179 4172 nisi
199 4121 359 4175 mortuum.
388 4111 448 4176 Sed
507 4119 515 4134 ‘
536 4117 635 4180 oeulos
650 4116 777 4178 attollent
790 4117 826 4176 ad
836 4115 959 4196 Spiritus
973 4113 1106 4175 virtutem
1121 4132 1178 4194 qua
1192 4129 1257 4194 per-

122 4190 186 4253 fusa
206 4201 254 4254 eat
273 4212 359 4270 caro,
389 4215 449 4256 nou
485 4204 578 4258 rastra
597 4195 738 4257 vivificam
757 4195 811 4256 dici
830 4197 894 4278 ipso
914 4196 1018 4256 effectu
1036 4200 1067 4254 et
1085 4191 1152 4252 lidei
1171 4208 1257 4272 expe-

122 4271 224 4334 rientia
244 4273 382 4334 sentient.
422 4273 564 4336 Tenemus
582 4295 660 4338 uune
678 4275 822 4356 quomodo
843 4291 909 4334 caro
929 4294 995 4352 vere
1014 4274 1051 4334 sit
1071 4271 1149 4331 cibus
1169 4277 1199 4330 ct
1216 4273 1258 4327 ta·

120 4369 188 4412 meu
207 4352 286 4413 nihil
305 4355 412 4448 prosita
441 4373 545 4438 nempe
563 4355 642 4417 cibus
662 4361 718 4429 est,
747 4355 814 4436 quia
832 4373 885 4436 per
903 4353 994 4434 ipsam
1014 4357 1094 4435 parta
1113 4348 1195 4409 uobis
1214 4352 1259 4408 est

120 4433 191 4510 v’da,
211 4433 288 4516 qnia
306 4451 338 4494 ru
355 4435 419 4516 ipsa
437 4435 565 4518 placatus
584 4435 665 4498 nohis
684 4432 825 4514 estDeus,
844 4431 913 4516 quia
926 4425 1258 4575 iu‘ipsptcompletasha·
