2742 4856
182 213 243 278 260
611 205 652 270 IN
671 205 777 270 Acts
796 201 934 271 APOS'l'.

182 325 287 387 sidium
314 321 432 385 meritus
456 327 532 398 erat,
560 327 591 384 et
612 328 751 406 pentum
769 321 800 383 lu
826 323 889 402 ipso
909 327 988 395 erat,
1014 322 1162 418 prseeluss
1189 331 1256 385 sust
1272 326 1316 386 sis

181 406 239 468 Dei
257 403 459 479 benedictioni,
477 423 515 466 ne
533 421 572 462 ex
589 401 711 464 Bersabe
730 400 808 463 aliud
827 421 916 482 quam
934 401 1088 483 vtpuuuu
1106 423 1215 464 seuseu
1235 405 1314 466 tolle

182 493 236 547 ret.
286 483 377 564 Atqui
399 489 460 544 lum
483 482 600 544 foedam
619 483 679 544 sius
697 481 791 542 soelm
809 481 840 542 lu
859 488 953 541 morte
974 480 1056 541 Urise
1070 485 1143 543 miro
1164 481 1228 544 Dei
1249 503 1315 547 eou-

182 566 248 626 silio
268 565 297 624 iu
317 564 489 625 contrarium
507 562 595 624 linem
614 561 702 636 redit,
721 561 788 642 quia
807 579 846 620 ex
865 561 1041 642 inauspicato
1058 561 1103 621 illo
1122 569 1153 623 et
1253 564 1316 624 diss

181 645 283 804 bimo,
308 643 404 704 multis
424 643 545 722 denique
563 642 681 704 merulis
700 641 848 721 inquinato
867 641 1001 722 eouiugio
1020 643 1139 701 ussu'lur
1210 663 1312 703 omou.

215 724 324 784 hsmvis
343 729 438 785 autem
456 724 621 805 purissime
638 721 799 818 peecaverit
817 718 914 780 David

181 823 268 866 eursu
285 803 383 864 Deum
402 809 539 884 sequutus
558 809 610 877 est,
631 819 690 861 ssue
709 801 822 880 excepti

181 882 237 944 hus
265 881 443 942 obedienta·
471 900 502 942 se
527 881 688 978 praebuerit
706 877 784 940 Deos
814 897 892 960 quau
1005 887 1042 940 ut
1063 880 1122 939 iam
1144 880 1250 940 dietum
1266 887 1310 940 est

181 962 268 1024 sitias
286 979 339 1021 uos
358 960 476 1022 deducit
490 959 626 1042 spritus,
645 961 704 1020 imo
724 959 884 1021 eommunis
924 959 1033 1023 delium
1052 958 1184 1021 omnium
1200 961 1310 1020 uoostio

182 1042 212 1102 lo
231 1039 346 1102 Christo
369 1042 461 1122 oapils
480 1040 526 1101 hio
544 1039 812 1120 uobis-depingitur.

261 1123 311 1183 23.
330 1122 495 1182 modom
517 1128 751 1204 promhstousm.
792 1117 953 1179 Confirmat
970 1116 1043 1178 hsee
1061 1116 1310 1198 etiampsrtimls,

182 1199 261 1282 quod
280 1201 338 1260 iam
356 1199 504 1279 aliquoties
524 1199 632 1260 dietum
651 1204 702 1272 ess,
721 1200 752 1258 iu
769 1197 910 1259 mittendo
930 1197 1047 1258 Christo
1066 1195 1195 1257 hahitaur
1213 1215 1233 1256 a
1251 1195 1309 1256 Do-

180 1280 261 1340 mino
280 1278 365 1338 luisse
383 1279 471 1338 solius
489 1277 555 1339 fidei
573 1285 604 1339 st
622 1278 754 1338 honitatis
773 1296 842 1339 sues
866 1277 1020 1338 rationem:
1038 1283 1115 1336 ιιι
1132 1276 1225 1350 errius,
1245 1277 1310 1355 quis

180 1358 359 1440 promiserat.
398 1355 647 1434 Quemadmodum
673 1363 769 1418 autem
788 1357 941 1439 promissio
961 1357 1105 1438 guerram
1124 1355 1214 1415 luisse
1232 1355 1309 1414 sstu-

180 1443 241 1498 tem
265 1437 344 1496 testis
368 1442 426 1509 est,
455 1437 494 1496 its
518 1435 602 1497 simul
626 1455 686 1497 nou
780 1455 857 1498 arem
875 1434 1030 1517 Evangelio
1050 1435 1136 1495 iidem
1158 1434 1306 1508 eoueilist,

180 1517 247 1596 quia
267 1513 333 1574 hino
352 1520 446 1594 patet,
469 1533 529 1574 uou
552 1521 669 1596 repente
708 1535 741 1576 ro
772 1517 779 1534 '
845 1514 1010 1588 Christum,
1032 1514 1141 1595 dequo
1159 1511 1232 1574 uihil
1249 1533 1305 1572 uu·

180 1610 269 1674 quam
287 1592 518 1690 auditumlomt,
537 1593 587 1654 sed
607 1595 656 1676 qui
676 1596 745 1656 oim
764 1595 802 1692 oh
819 1595 900 1692 ipitio
919 1597 1076 1690 promisspu
1092 1599 1308 1688 erstuuueosup

179 1672 505 1820 hillidii&
524 1673 1008 1816 „immitam
1023 1671 1312 1832 litim

179 1849 313 1892 sermone
336 1829 409 1894 sdeo
432 1834 517 1894 tritas
539 1839 634 1908 eraut,
663 1839 696 1896 ut
714 1834 802 1918 vulgo
822 1833 969 1896 Christum
986 1853 1047 1896 uou
1065 1833 1151 1893 alitu-
1167 1837 1309 1908 voeareut,

180 1929 269 2051 purus
287 1909 391 1972 Filium
408 1909 529 1976 Doridis
547 1911 660 1991 (Mutth.
680 1917 730 1988 ιι,
749 1913 821 1992 42).
839 1913 935 1976 Iesum
953 1913 1022 1974 dicit
1039 1921 1204 1975 aetiam
1216 1909 1309 1994 sauses

201 1991 305 2066 musii,
376 1991 402 2049 'a
421 1992 535 2052 tsmeffi
557 1993 644 2053 tutius
662 1993 762 2054 mundi
781 1994 860 2054 salus
877 2001 934 2067 est,
958 1993 1098 2074 imprimis
1118 1999 1217 2052 mmm
1232 1991 1308 2050 mini·

180 2074 241 2130 ster
263 2069 318 2130 luit
365 2071 567 2140 'roumeisiouis
590 2071 627 2131 sd
665 2073 861 2148 mmissioues,
884 2091 959 2154 quae
976 2071 1113 2148 Patribus
1131 2071 1215 2132 datas
1232 2075 1308 2131 aaut

182 2147 605 2231 implendas(Rom.15‚8..
644 2091 814 2213 hebraicum
843 2171 949 2214 nomeu
975 2154 1048 2213 lesu
1077 2171 1180 2232 praees
1200 2157 1306 2228 ωαῆρος

180 2230 329 2310 expressit.
349 2228 392 2288 lta
411 2229 454 2290 bis
475 2229 547 2290 dixit
565 2230 575 2290 i
595 2249 653 2292 eus:
672 2251 731 2291 nou
749 2239 794 2294 est
811 2239 909 2293 tamen
923 2233 1068 2312 superflua
1167 2232 1219 2290 ''o.
1237 2231 1303 2310 quis

509 2409 518 2448 ι
576 2409 615 2472 po
653 2409 703 2451 um
754 2410 791 2454 ua

946 721 1310 860 ppti'arlamlulovitae

823 819 878 859 oua
896 762 945 860 lah
1035 841 1045 874 ‚
1074 799 1197 880 quodid
1214 803 1306 861 omui·

268 2543 323 2614 24.
345 2541 520 2638 Postquam
541 2543 675 2614 loannes
696 2546 913 2638 praedicasset,
933 2557 1007 2615 aute
1028 2543 1307 2638 indemingmss

84 2735 88 2742 ι
179 2647 265 2733 eius,
280 2647 485 2742 ‘baptismum
510 2651 720 2741 poenitentiae
747 2653 806 2722 toti
834 2651 954 2746 populo
976 2651 1081 2721 lsrael
1125 2653 1183 2721 25.
1206 2651 1307 2738 Quum

179 2763 285 2822 autem
306 2751 453 2844 impleret
472 2753 614 2824 Ioannes·
630 2779 772 2842 csrrsum,
800 2757 895 2842 dixit,
915 2749 1022 2845 Quem
1043 2780 1098 2826 me
1120 2757 1305 2828 arbitramini

179 2855 271 2926 esse?
312 2853 389 2929 Nou
416 2882 489 2927 sum
511 2883 581 2952 ego.
625 2860 691 2930 Sed
718 2885 792 2937 ecoe
813 2863 901 2932 veuit
921 2875 996 2956 post
1015 2886 1088 2946 me,
1122 2865 1217 2933 errius
1249 2887 1304 2931 uou

178 2983 253 3031 sum
280 2961 392 3056 digrrus
419 2965 611 3059 subligaculo
637 2967 757 3060 pedum
777 2967 910 3038 solvere.
954 2969 999 3036 26
1020 2967 1089 3038 Vrri
1109 2969 1240 3054 iratres,
1260 2969 1303 3036 lilii

178 3070 302 3160 generis
323 3069 482 3153 Abrahae,
503 3083 537 3142 et
557 3073 613 3166 qui
633 3071 668 3147 iu
689 3073 780 3144 vobis
800 3069 914 3146 tiiueut
934 3074 1057 3160 Deum,
1089 3075 1186 3146 vohis
1207 3097 1300 3165 seruo
1352 3145 1353 3152 ,

178 3175 288 3244 salutis
312 3175 408 3245 huius
433 3179 550 3248 missus
577 3190 635 3249 est.

257 3337 305 3402 14.
325 3335 438 3399 Soimus
456 3338 540 3420 queis
558 3339 644 3404 luerit
661 3341 775 3403 ioannis
794 3339 931 3420 officim,
951 3361 1064 3425 nempe,
1083 3345 1164 3406 viam
1182 3342 1302 3406 Damius
1351 3311 1352 3345 ¹

248 3435 288 3477 re.
312 3415 379 3478 ideo
398 3419 594 3479 testimouium
613 3424 672 3482 eius
690 3421 931 3506 adduoilPsulus‚
950 3431 984 3484 ut
1000 3423 1113 3485 ludaeis
1121 3424 1237 3505 probet,
1253 3443 1302 3484 uos
1350 3463 1351 3534 p

199 3497 314 3558 etioium
332 3517 364 3558 se
382 3497 432 3558 sed
450 3517 552 3559 verum
571 3497 627 3560 Dei
647 3499 793 3566 Christum
810 3501 986 3584 praedium,
1004 3511 1094 3584 quem
1111 3505 1302 3566 eelehurimu

176 3573 226 3636 the
244 3595 347 3656 praeeo
366 3575 425 3637 ism
442 3583 510 3638 ante
527 3579 779 3641 commendaverit:
798 3601 858 3643 nou
900 3581 957 3643 uod
974 3582 1011 3643 sd
1030 3583 1073 3644 ια’
1091 3588 1192 3645 huus
1210 3584 1300 3666 prol}

177 3654 285 3716 tionem
313 3654 436 3716 suffioist
463 3656 586 3718 hominis
615 3659 823 3732 testimouium,
853 3600 1038 3722 sehsoaunis
1062 3662 1120 3722 alis
1139 3669 1206 3724 erst
1228 3661 1299 3734 ratis
1349 3689 1350 3721 l

177 3753 265 3814 quem
282 3733 370 3796 fuisse
388 3733 445 3796 Dei
463 3735 637 3818 Prophetam
656 3740 761 3820 passim
780 3757 878 3800 omues
897 3741 956 3802 iere
974 3742 1103 3824 pusussi
1122 3749 1215 3802 eraut
1235 3741 1301 3801 flius
1348 3749 1349 3768 ¹

177 3831 246 3894 ergo
265 3815 418 3874 testimonii
437 3818 605 3894 auotoritas,
675 3817 714 3879 ud
733 3836 836 3900 prseoo
856 3837 873 3878 e
891 3821 973 3880 coele
991 3822 1110 3896 missus,
1136 3841 1199 3882 uou
1218 3823 1300 3902 privs

177 3897 224 3952 tus
248 3893 312 3974 quis
333 3895 390 3954 iam
410 3894 446 3955 de
465 3893 580 3956 Christe
599 3917 620 3958 v
705 3898 781 3958 iaeit.
821 3896 890 3958 Duo
910 3907 1005 3960 sutem
1024 3903 1192 3964 summatim
1211 3901 1301 3962 sediti
1347 3933 1348 3936 ¹

176 3969 284 4032 Paulus
357 3972 470 4050 losune,
490 3976 569 4054 quod
587 3975 759 4058 baptismum
777 3979 968 4059 poeniteutiae
982 3980 1189 4041 doeueritaute
1203 3979 1300 4042 cassi

177 4048 345 4138 adventum,
369 4053 470 4114 deinde
489 4055 568 4134 quod
585 4057 701 4120 titulum
718 4055 904 4120 ethonomus
924 4055 1044 4120 Messias
1061 4059 1139 4121 adiro
1158 4079 1178 4120 a
1198 4079 1230 4121 se
1248 4057 1300 4122 καὶ

178 4141 255 4184 esem
274 4127 389 4189 Christo
413 4135 536 4194 oesseril.

39 4236 42 4246 ν
256 4203 443 4293 dioptismsm
457 4221 662 4291 pumenius.
687 4213 850 4296 Baptismus
869 4223 983 4298 prester
1001 4215 1085 4298 Legis
1103 4219 1301 4281 ritumetmo

50 4333 54 4344 .
176 4278 387 4369 mufflmlus
406 4303 526 4367 magnae
550 4293 605 4352 luit
627 4295 793 4355 mutationis
817 4295 995 4374 symbolum:
1020 4315 1116 4377 usque
1140 4299 1220 4359 euim
1242 4303 1302 4356 aute

178 4350 284 4414 Ghush
303 4354 456 4424 moestus
476 4369 628 4452 quisqam
647 4391 754 4436 novere
772 4373 901 4438 heerst
921 4373 1304 4462 mbmmsqmdnmms
