2754 4864
519 192 678 256 'cerus
695 193 750 267 ιιι.
1027 179 1031 194 “
1152 197 1211 264 ιιι
1278 177 1283 185 ’

79 332 180 377 eorum
203 307 353 372 bominum
374 309 525 370 conversio
549 309 620 373 alios
643 316 782 391 tanquam
803 307 962 374 inauditum
981 309 1116 392 quiddam
1134 331 1210 376 com·

78 397 203 466 moreat,
222 389 285 450 aliis
305 408 376 448 vero
396 393 532 468 tanquam
550 389 712 470 prodigium
732 392 768 450 sit
781 387 911 450 horrori?
934 387 1113 471 Respondes,
1133 394 1214 472 quic·

82 472 150 554 qnid
170 469 352 550 degentium
372 469 522 528 vocatione
535 469 712 550 praedictum
722 475 791 546 erat,
811 471 851 530 sic
861 467 946 530 fuisse
956 477 1112 550 acceptum,
1132 475 1213 552 quasi

80 559 178 634 gentes
197 553 226 610 irr
245 547 353 631 legem
364 541 451 606 iliosis
472 567 656 610 concessurae
676 557 779 624 essent,
792 555 831 630 ιιι
848 549 945 610 locum
963 549 1100 610 haberent
1119 550 1149 610 in
1159 549 1212 612 Ec·
1270 561 1274 568 ’

80 633 170 696 etesia.
190 627 294 693 lllodus
314 633 410 691 autem
429 629 595 702 vocationis,
614 631 695 693 cuius
707 635 776 690 tnnc
789 629 1038 716 cernebantinitia,
1056 650 1114 690 nou
1125 633 1212 694 modo

78 713 239 792 incognitus
259 713 328 782 erat,
348 707 398 768 sed
419 705 454 768 ab
475 710 555 772 omni
573 710 682 770 ratione
701 709 809 787 alicnus
829 709 986 786 ridebatur.
1006 706 1081 770 Nam
1100 709 1212 774 abolitis

78 789 245 852 ceremoniis
271 793 369 870 gentes
395 807 461 848 cum
485 787 552 850 liliis
578 788 710 853 Abrahae
735 789 846 854 misceri
870 791 900 848 in
920 810 1009 850 unum
1029 810 1133 872 corpus
1152 813 1212 854 nou

77 889 163 954 posse
182 867 377 1008 spmnlipebxunb·
389 868 459 1008 culp
475 867 643 1008 ppnclotDc}
663 865 973 1010 lcedlcriogravis'fie'clct
986 869 1095 1010 inimic.
1116 867 1213 992 Qenn->

79 971 145 1012 sum
164 968 242 1010 ennn
320 967 401 1021 ,nrsr
422 967 443 1007 u
535 969 574 1008 uo
589 969 624 1008 an
646 970 695 1009 um
737 970 783 1012 rssr
815 970 863 1009 um
885 969 931 1010 me
951 970 994 1010 rus
1009 969 1070 1010 esse
1122 969 1210 1012 anes.

79 1027 194 1090 Deinde
204 1028 338 1108 qnoniam
347 1025 383 1086 sd
393 1026 539 1088 dissidium
548 1027 618 1088 illud
629 1036 688 1090 tota
697 1029 756 1090 vita
765 1031 868 1102 assueti
878 1027 998 1106 inerant,
1008 1029 1079 1090 adeo
1089 971 1138 1106 ebs
1169 1052 1212 1092 er-

80 1111 157 1172 cellit
176 1107 318 1188 inopinata
338 1108 379 1166 rei
399 1109 520 1180 novitas,
542 1116 575 1167 nt
593 1128 694 1168 eornm
709 1107 813 1189 animis
834 1111 955 1184 excidat,
974 1109 1141 1192 quicquldu
1191 1114 1211 1174 i·

79 1191 220 1250 rationem
244 1187 342 1246 sedare
366 1185 522 1248 debuisset:
552 1187 674 1266 denique
698 1189 866 1267 mysterium
891 1209 950 1262 ιιοιι
970 1191 1067 1256 statim
1086 1191 1212 1272 capiunt,

80 1267 160 1352 qnod
179 1286 197 1328 a
217 1273 310 1326 creato
330 1286 421 1348 nsque
441 1267 548 1328 mondo
568 1268 676 1348 angelis
696 1269 841 1328 oecultum
861 1268 947 1328 luisse
967 1268 1051 1330 docet
1070 1267 1185 1330 Paulus.

158 1351 186 1408 2.
208 1349 417 1427 Disceptobont
436 1371 504 1409 cnm
522 1370 565 1410 eo.
585 1345 683 1408 Errori
702 1355 735 1408 ut
754 1347 907 1429 plurimum
927 1349 1140 1419 comesaccedit
1150 1371 1212 1430 per·

80 1428 195 1488 vicacia.
217 1425 281 1489 Hoc
300 1427 356 1486 iarn
376 1427 459 1486 nirnis
480 1446 590 1488 messae
609 1428 784 1507 ignorantiae
804 1428 905 1486 vitium
925 1433 995 1500 erat,
1016 1427 1094 1506 quod
1114 1437 1213 1510 gentes

76 1507 180 1570 eodem
200 1505 267 1567 fidei
285 1505 395 1587 Spiritu
413 1506 466 1566 sibi
485 1509 578 1568 unitas
597 1529 656 1566 non
675 1506 979 1588 placidenecipiebant
998 1507 1027 1568 in
1048 1527 1132 1568 suum
1151 1529 1213 1588 grs-

78 1589 178 1648 minm.
197 1585 288 1666 Atqui
306 1607 367 1648 non
385 1587 516 1648 resiliunt
532 1586 630 1662 modo,
649 1587 701 1648 sed
719 1587 894 1647 contentiose
912 1606 978 1647 cnm
997 1583 1085 1646 Petro
1104 1585 1216 1670 litigant

79 1676 167 1748 atque
185 1667 216 1728 in
236 1666 345 1728 crimen
362 1673 468 1726 vocant
486 1668 547 1728 eius
566 1667 687 1742 lactum,
707 1667 784 1750 qnod
804 1663 1214 1748 summalnndedignumerat.

79 1747 186 1808 Gentes
206 1745 325 1806 audiunt
344 1765 504 1808 sermonem
515 1745 571 1807 Dei
586 1749 742 1828 amplexas,
762 1747 831 1826 quid
855 1746 948 1806 obstat
967 1747 1216 1828 igiturqnomiuus

79 1847 127 1890 css
151 1827 278 1908 amplexi
302 1829 466 1887 societatem
485 1826 539 1888 sub
558 1825 616 1888 Dei
634 1828 719 1889 unius
738 1827 857 1908 imperio
878 1825 992 1886 colant‘t
1031 1825 1119 1904 Quod
1139 1828 1215 1896 enim

78 1909 205 1968 sanctius
224 1926 286 1966 esse
327 1912 400 1966 otest
419 1907 624 1968 coniunctionis
643 1905 800 1979 vinculum,
841 1925 906 1966 uam
927 1905 995 1964 dum
1006 1926 1215 1968 unoconsensu

80 2008 180 2048 omnes
201 1985 290 2050 sirnul,
336 2007 372 2046 eo
392 1985 564 2050 adhaerent?
588 1995 618 2064 et
636 2006 687 2048 cur
705 1927 976 2062 nou-codeseerept
994 1985 1023 2044 in
1045 2005 1133 2046 unum
1153 2006 1215 2046 cor·

77 2088 142 2150 pus,
161 2067 212 2148 qni
232 2063 364 2126 Messinm
383 2063 439 2126 Dei
459 2066 512 2128 ribi
532 2074 618 2149 caput
637 2067 829 2128 constituunt?
848 2063 907 2124 Sed
927 2063 995 2146 quia
1014 2065 1147 2124 videbant
1166 2085 1225 2131 cro.

77 2155 190 2208 ternam
210 2144 251 2206 Ire
271 2145 294 2206 is
314 2145 436 2206 formam
454 2147 564 2223 violari,
583 2147 722 2228 putabant
742 2141 953 2226 quodammodo
972 2145 1084 2204 misceri
1103 2144 1215 2206 eoelum

76 2235 182 2290 terrae.
232 2167 492 2299 observassem,
524 2247 615 2306 quum
639 2227 717 2308 prius
742 2225 846 2286 dixerit
870 2223 979 2298 Lucas,
1007 2223 1166 2362 Apostolos
1185 2233 1216 2287 et

76 2309 182 2374 tratres
202 2305 308 2368 laruam
327 2305 401 2366 hanc
420 2305 571 2381 audivisse,
592 2305 627 2371 de
648 2304 1041 2367 offensioncnoulecissever
1061 2324 1120 2378 uns,
1138 2325 1216 2377 nunc

77 2395 177 2448 antem
196 2383 330 2446 inducere
350 2387 430 2465 quasi
450 2405 556 2446 novem
578 2385 726 2446 hominum
745 2393 865 2458 sectam,
889 2403 963 2464 quae
987 2389 1128 2442 certarnen
1150 2403 1216 2466 cum

78 2467 168 2526 Petro
188 2467 351 2546 susceperit.
380 2467 566 2540 Astiterunt,
585 2467 692 2542 inquit,
709 2466 834 2548 fratres,
854 2463 1044 2546 nibilposlea
1063 2463 1153 2524 addit:
1174 2484 1217 2523 sc·

80 2547 196 2626 quitur,
225 2567 312 2627 anrrn
337 2553 458 2608 οιιιιιιιι
481 2543 583 2606 Petrus
603 2543 848 2626 Hierosolymam,
878 2544 928 2626 qui
947 2563 985 2603 ex
1003 2543 1218 2604 circumcisione

79 2631 165 2686 erant
183 2644 249 2684 cnm
267 2645 301 2684 eo
320 2625 478 2706 litigarunt:
499 2646 572 2706 quos
591 2633 669 2688 certe
688 2645 705 2686 a
725 2623 865 2706 prioribus
886 2625 1013 2686 diversos
1032 2621 1118 2702 inissa
1134 2643 1217 2704 opor·

79 2711 137 2766 let:
158 2703 256 2764 deinde
296 2705 414 2766 articula
430 2711 570 2786 περιτομῆς
588 2727 645 2766 ιιοιι
666 2706 828 2786 simpliciter
848 2703 968 2764 ludaeos
987 2710 1077 2776 notat,
1097 2701 1147 2762 sed
1167 2703 1218 2784 qui

80 2785 252 2848 ceremoniis
271 2726 408 2864 ibgalibus
428 2785 547 2844 nirnium
566 2785 670 2846 addicti
689 2792 798 2860 esseut,
818 2783 897 2844 Nulli
916 2784 992 2846 enim
1010 2781 1216 2862 Hierosolyurie

78 2866 141 2926 tani
161 2871 230 2926 tunc
249 2871 330 2933 erant
348 2865 378 2926 in
399 2863 507 2927 Christi
525 2884 611 2946 grege
629 2867 685 2926 nisi
704 2865 874 2929 circumcisi:
894 2864 1025 2945 aquibus
1045 2864 1130 2944 igilur
1148 2865 1218 2924 istor

77 2945 272 3006 discerneret?
307 2941 455 3004 Postremo
475 2946 626 3006 verisimile
645 2966 703 3006 nnn
723 2945 850 3020 videtur,
870 2945 946 3024 qnod
967 2942 1102 3038 Apostoli
1120 2951 1150 3004 ct
1169 2943 1219 3024 qni
1302 2943 1307 2953 ⁴

77 3045 118 3086 ex
143 3021 274 3084 fidelium
296 3045 417 3086 numero
442 3030 525 3084 erant
549 3024 754 3084 moderatiores
778 3025 903 3104 aggressi
929 3023 1035 3082 luerunt
1054 3021 1111 3084 lroc
1131 3033 1218 3084 certs·

78 3125 158 3166 nren.
205 3102 269 3164 Etsi
293 3103 369 3164 enim
394 3103 515 3164 luissent
535 3103 650 3179 ollensi,
680 3110 811 3182 poterant
831 3109 925 3162 tamen
946 3102 1081 3180 privatim
1100 3099 1220 3162 Petrum

79 3183 235 3246 convenire
258 3189 289 3246 οι
313 3183 349 3242 ab
374 3203 410 3244 co
434 3183 550 3264 exigere
569 3182 637 3242 sacti
656 3183 805 3242 rationem.
844 3179 896 3240 llis
915 3177 1072 3240 rationibus
1091 3200 1219 3254 moveor,
1281 3235 1285 3240 .

79 3271 115 3324 ιιι
140 3283 189 3324 eos
214 3281 252 3322 ex
272 3261 496 3324 circumcisione
516 3261 579 3322 dici·
592 3261 767 3334 existimem,
839 3279 872 3318 οι
891 3265 969 3320 ιιοιι
991 3257 1220 3320 circumcisionis

78 3341 181 3423 religio
201 3341 323 3416 tenebat,
344 3349 376 3402 ut
395 3343 501 3404 nemini
519 3341 616 3402 locum
637 3341 666 3400 in
686 3361 700 3398 r
737 3360 774 3398 no
795 3279 851 3398 bii
870 3339 1076 3419 permitterent,
1096 3338 1151 3400 nisi
1192 3340 1221 3398 ui

78 3422 167 3504 Legis
192 3421 398 3504 professionem
417 3423 588 3501 susciperet,
612 3427 699 3500 atque
744 3438 779 3480 οο
798 3427 879 3481 atero
899 3418 956 3478 ritu
974 3417 1100 3480 initiatus
1119 3418 1149 3478 iu

79 3503 199 3564 clesiam
222 3499 431 3562 immunditiem
450 3507 576 3560 exueret.
725 3557 728 3564 ,
868 3523 871 3532 ·

163 3583 193 3644 3.
213 3583 266 3641 Art
284 3591 366 3642 ntro:
382 3589 572 3663 praepatium
591 3580 736 3642 sumre.
773 3575 839 3638 Nou
859 3584 922 3640 erat
939 3575 996 3638 lroc
1072 3575 1156 3638 eDei
1174 3597 1222 3638 vs·

79 3663 179 3736 titum,
201 3661 251 3722 sed
272 3661 434 3722 observatio
454 3666 515 3721 erat
534 3679 551 3720 a
570 3657 703 3719 Patribus
724 3677 776 3738 per
794 3677 896 3720 manus
915 3657 1027 3718 tradita.
1075 3675 1109 3716 ee
1127 3663 1223 3719 tame'n

81 3742 194 3821 excipit
217 3738 321 3800 Petrus
346 3739 401 3802 lrac
424 3741 454 3799 in
481 3747 562 3822 parte
582 3741 665 3798 nimis
706 3739 811 3798 raecise
831 3756 929 3798 secum
948 3737 1008 3818 agi,
1032 3756 1064 3798 se
1083 3736 1224 3798 hnmanae

80 3821 156 3900 legis
176 3821 343 3882 necessitate
363 3819 478 3882 minime
498 3817 643 3901 obstringi.
679 3760 782 3880 'iotam
803 3816 885 3878 hanc·
897 3816 1090 3881 defensionem
1108 3817 1224 3890 omittit,

81 3899 136 3962 sed
155 3905 267 3960 tantum
287 3900 451 3982 respondet,
469 3899 602 3982 ipsosad
624 3919 655 3960 se
672 3900 784 4036 priores
805 3897 924 3971 venisse,
943 3901 973 3956 et
992 3894 1045 3956 sibi
1066 3897 1148 3975 quasi
1167 3895 1236 3958 Dei

80 3997 175 4047 mann
194 3979 315 4043 oblatos.
356 3979 509 4042 Caetermn
527 3979 657 4040 videmus
698 3978 724 4038 ic
743 3997 836 4038 raram
852 3973 929 4038 Petri
947 3975 1126 4050 modestiam,
1187 3977 1225 4038 ed

80 4079 178 4141 quom
203 4059 295 4120 fretos
319 4057 446 4122 bonitate
465 4079 567 4120 causae
586 4057 716 4120 homines
735 4058 895 4140 imperitos,
920 4055 971 4137 qui
990 4055 1093 4116 iniuste
1112 4059 1226 4135 maesti

81 4145 183 4214 erant,
212 4159 348 4222 spernere
370 4145 484 4221 posset,
513 4159 544 4200 se
569 4144 665 4200 tamen
683 4137 756 4213 illis,
784 4143 817 4198 ut
840 4135 922 4211 decet
941 4137 1016 4196 inter
1033 4135 1135 4200 iratres
1153 4135 1226 4214 lieri,

80 4221 208 4280 comiter
226 4225 356 4289 excusat.
390 4215 457 4280 Fuit
475 4218 591 4300 quidem
610 4217 680 4278 lraec
698 4238 758 4278 non
777 4215 848 4278 levis
867 4217 995 4292 tentabo,
1015 4215 1092 4297 quod
1112 4217 1227 4299 indigne

81 4305 280 4375 accusaretur,
298 4305 450 4382 propterea
469 4299 547 4380 quod
566 4297 688 4360 fideliter
701 4295 768 4360 Deo
788 4295 963 4378 obsequatur
980 4302 1069 4360 esset:
1088 4298 1139 4358 sed
1158 4297 1227 4378 quis

80 4377 169 4447 hans
188 4377 297 4463 tegern
320 4380 375 4442 toti
397 4375 541 4466 Ecclesiae
563 4378 725 4463 impositam
749 4395 813 4440 csse
831 4381 968 4454 novum,
997 4383 1031 4438 ut
1049 4377 1227 4460 qoirqnesd
