2754 4864
188 165 262 248 146¹
477 203 479 216 ›
577 165 618 228 tu
636 163 742 230 ama
760 161 895 228 arom.
1027 146 1032 154 ¹

189 307 316 430 ssnm’
344 291 378 346 nt
405 281 537 348 cassus
565 282 695 362 spiritum
722 286 854 342 nmmum
882 279 1021 360 emolpirt
1069 277 1144 339 llam
1171 279 1201 340 in
1228 279 1294 342 hooc

230 387 276 427 ern
296 366 427 446 epiritum
445 366 507 444 ipse
524 382 610 422 auum
634 361 722 441 depos
742 363 765 419 't
787 361 819 420 iu
843 357 944 419 Patris*
960 377 1065 434 mnus,
1087 366 1121 420 nt
1143 365 1294 420 neruorum

87 438 91 450 ’
190 451 344 530 perpetuen
367 445 403 504 eit
427 449 524 502 eustoc
549 440 638 517 (Luc.
657 444 710 516 23,
785 441 810 512 ).
854 437 935 498 llaec
962 439 1156 498 inaestirnmilis
1178 439 1295 500 comela-

191 531 233 590 tie
261 533 320 597 ost,
348 523 426 604 qnod
454 525 559 582 eomes
588 521 696 582 animae
724 525 835 580 nosnos
853 537 872 578 e
890 518 1053 598 corporibus
1073 521 1220 598 nigrantes
1244 540 1295 577 non

192 608 310 668 fortuito
331 603 434 684 vagari,
454 601 504 662 sed
523 619 539 660 u
559 599 767 662 cheensem
787 599 798 657 l
816 600 847 658 in
867 597 980 658 fidelem
999 599 1155 674 custodiam,
1173 599 1196 656 ei
1214 597 1296 658 mode

151 701 158 730 ¹
192 707 241 746 eae
260 688 288 744 in
309 685 397 764 ipsius
416 700 530 744 maurim
550 682 725 761 deponimus.
811 696 844 738 ee
868 677 973 738 liducia
1000 678 1136 751 instituere
1149 695 1198 736 nos
1216 675 1296 738 dehet

91 830 94 836 ,
194 768 231 828 ed
249 763 388 846 placidam
407 765 506 822 mortis
525 761 716 832 tolerantiam,
736 758 795 818 imo
815 757 943 837 quisquis
962 759 1039 818 aerio
1057 755 1118 815 lidet
1134 757 1225 816 electe
1237 757 1292 814 ani·

194 865 271 908 mom
290 861 371 902 enum
391 841 505 902 Christo
524 839 717 912 commendat,
745 855 861 898 neceme
884 843 929 896 est
952 843 986 896 nt
1010 837 1073 913 eins
1094 835 1198 896 arhitrio
1219 833 1296 894 simul

196 925 359 986 obedienter
378 927 470 982 totum
489 939 520 980 se
540 921 670 1000 resignet.
716 915 868 978 Caeterum
893 916 939 976 hio
962 916 1045 976 loona
1064 914 1139 978 claro
1156 915 1299 974 mameae

196 1011 254 1068 eet,
273 1003 395 1067 alrimunt
416 1000 537 1060 laeminie
557 1019 615 1062 nea
634 997 787 1062 evanidam
806 1014 870 1056 ense
893 996 1014 1067 llntum,
1041 1001 1077 1054 nt
1100 993 1208 1074 quiden
1228 993 1298 1072 phre-

196 1083 282 1146 netici
300 1079 436 1153 delirant,¹
463 1079 513 1138 aed
537 1079 714 1141 essentialem
738 1076 868 1158 spiritum
892 1083 921 1133 et
946 1073 1015 1134 huic
1040 1075 1114 1136 ritae
1131 1076 1297 1154 superstitem

197 1161 272 1224 llino
290 1167 435 1240 praeterea
455 1159 599 1231 doeemur,
619 1158 766 1218 Christum
785 1157 839 1214 rite
858 1161 887 1216 et
906 1155 1031 1234 legitime
1050 1173 1069 1214 a
1086 1153 1164 1214 nohis
1181 1153 1297 1221 invocari,

197 1241 332 1322 quoniam
351 1239 442 1374 emulsa
460 1237 510 1373 illit
521 1244 647 1316 potestne
667 1237 732 1298 ideo
753 1254 770 1298 a
790 1233 875 1298 Patre
894 1233 960 1294 data
979 1240 1038 1308 eet,
1057 1239 1090 1294 ut
1105 1235 1134 1292 ln
1151 1233 1208 1292 eins
1224 1232 1300 1294 fidem

266 1337 346 1378 mnes
366 1335 418 1374 ron
431 1336 497 1376 erno
512 1359 519 1374 .

198 1339 229 1382 κ
248 1341 323 1460 ⁰60.
364 1399 477 1456 Ponto
494 1395 617 1475 ganatos
635 1396 781 1456 maone
820 1394 918 1456 altem
938 1411 1006 1474 pars
1022 1400 1064 1454 ot
1079 1389 1246 1474 pneuma,
1269 1391 1296 1446 tn

199 1497 254 1558 quo
274 1475 437 1555 Stephanus
457 1473 604 1532 hominum
624 1492 751 1534 amorem
771 1493 837 1534 oum
860 1473 917 1534 lide
941 1475 970 1532 lu
997 1471 1129 1534 Chr'atum
1150 1469 1209 1530 conl
1262 1469 1296 1526 it:

198 1564 227 1616 et
245 1559 322 1614 certe
342 1556 365 1612 si
386 1554 515 1634 cupimus
535 1552 650 1620 Christo
674 1555 703 1614 in
722 1553 841 1620 salutem
866 1553 1025 1633 aggregari,
1051 1550 1122 1612 hone
1146 1569 1198 1608 noe

199 1643 261 1698 tun
286 1633 402 1694 induere
426 1638 548 1712 oportet.
587 1631 750 1714 Stephanus
769 1653 823 1714 pre
842 1633 963 1694 inimicis
983 1651 1066 1692 omns
1088 1635 1116 1689 et
1137 1628 1245 1708 wdone
1261 1643 1301 1686 ca·

199 1712 332 1796 pitolibns
356 1717 386 1772 et
409 1713 471 1807 lpse
495 1713 631 1792 temporis
655 1712 791 1784 amiculo,
820 1731 879 1791 qno
907 1731 1010 1772 eorum
1032 1711 1153 1788 nenda
1166 1711 1253 1790 ipsun
1273 1705 1303 1763 ad

199 1793 338 1853 vindictae
362 1791 544 1871 cupiditatem
569 1793 715 1852 stimulare
738 1799 865 1872 poteret,
893 1792 963 1852 salis
991 1790 1117 1852 declarat-
1142 1807 1198 1867 qno
1224 1787 1255 1844 sit
1279 1787 1301 1842 lu

124 1903 127 1914 .
200 1891 298 1934 onmes
316 1871 386 1932 alies
406 1871 518 1932 affeetu.
558 1869 645 1950 Quod
670 1877 767 1934 aetem
783 1869 969 1952 Stephanum
988 1870 1089 1932 temese
1112 1873 1205 1928 narrat
1220 1863 1302 1934 lma

199 1954 304 2014 seimus
328 1950 410 2012 nohis
433 1949 564 2012 omnihus
588 1949 739 2013 oChristn
765 1952 904 2032 praecipi,
931 1950 983 2010 sed
1007 1951 1075 2030 qula
1100 1950 1152 2010 vix
1174 1947 1303 2027 quicqum

199 2039 249 2092 est.
272 2030 414 2090 dillreiliue
439 2051 526 2112 quarn
550 2031 664 2090 iniurias
688 2031 727 2090 ite
746 2031 903 2102 remittere,
933 2038 966 2090 nt
994 2029 1039 2090 hi·
1069 2028 1143 2088 lame
1170 2044 1303 2108 proelum,

199 2109 474 2252 tttdlll‘t:
490 2108 687 2250 {lllldt
706 2107 1094 2250 illhhfflafflfflnii*
1112 2113 1158 2168 ‘⁸‘
1176 2113 1303 2244 ”til

245 2246 250 2258 .
657 2229 666 2249 ·
1178 2228 1189 2260 a

199 2269 241 2330 hil
261 2210 334 2350 prol)
348 2287 378 2330 ec
398 2267 454 2329 lert
471 2209 768 2342 commpherninihus,
796 2209 875 2350 quiid
900 2289 959 2330 noe
982 2205 1209 2328 dmmppsu
1231 2265 1303 2324 mine

201 2349 256 2410 diei
275 2349 355 2408 testis
373 2349 411 2408 sit
429 2347 509 2408 Deus
528 2351 595 2428 ipse.
636 2348 747 2414 Vocem
764 2355 858 2416 lanam
883 2349 1001 2420 attollit,
1029 2367 1067 2408 ue
1099 2344 1172 2427 qnid
1195 2343 1229 2404 ad
1248 2341 1303 2403 niti
1346 2345 1347 2373 l

199 2428 322 2506 eandum
341 2426 465 2488 hostiurn
486 2429 618 2490 ferociam
642 2431 856 2510 pmetemrittot.
896 2427 961 2488 Non
986 2429 1084 2488 statim
1110 2425 1238 2507 apparuit
1257 2441 1298 2504 pru

200 2507 301 2582 lectus,
319 2514 429 2570 certum
448 2515 542 2567 tamen
561 2514 606 2568 est
624 2529 685 2570 non
702 2508 807 2573 husus
827 2527 892 2568 eum
914 2526 1022 2568 orasse=
1042 2514 1070 2568 et
1093 2504 1204 2566 Paulus
1221 2503 1305 2562 illectu

200 2589 400 2648 documentum
420 2593 474 2660 est,
495 2607 550 2646 non
571 2587 701 2648 omnihus
720 2593 857 2648 etatnhnn
879 2588 964 2649 luisse
980 2593 1134 2667 peeeourm
1149 2585 1214 2644 hoe.
1240 2581 1306 2662 lod

145 2743 147 2754 ⁴
200 2669 264 2728 dem
290 2685 348 2726 non
371 2665 465 2724 dicam
489 2685 555 2726 cunr
578 2668 753 2746 Augustino,
772 2664 843 2726 ·Nisi
865 2666 1028 2748 Stephanus
1051 2674 1180 2736 orasset,
1207 2661 1306 2724 Eorlult

199 2745 320 2806 Paulum
340 2765 398 2804 nen
418 2743 548 2804 heberet:
566 2753 610 2804 est
629 2748 704 2804 enirn
725 2747 780 2808 hec
800 2747 1003 2822 decimalem,
1024 2752 1141 2805 tantem
1162 2746 1233 2812 dieo,
1249 2737 1306 2820 quel

198 2825 290 2886 Paulo
315 2823 395 2889 Deus
421 2825 529 2902 ignovit
553 2843 589 2882 eu
615 2843 649 2884 eo
674 2834 816 2896 constare,
846 2847 905 2888 non
934 2827 1020 2888 trisse
1048 2827 1167 2886 irritum
1197 2821 1308 2902 Stephon

198 2912 308 2966 vetram.
348 2901 482 2964 Exoritur
501 2903 547 2962 laic
568 2907 711 2981 (palaestin,
738 2903 894 2981 Quomodo
919 2925 972 2986 pro
997 2904 1040 2966 hle
1065 2911 1135 2964 oret
1159 2901 1307 2984 septima

198 2999 272 3062 quos
290 3003 383 3061 nuper
401 2983 511 3042 dixerat
530 2981 648 3064 Spiritui
668 2992 765 3044 sancto
786 2985 904 3046 rebelles
923 2987 1003 3046 esse?
1031 2986 1111 3064 atqui
1139 2984 1199 3046 hoe
1221 2980 1308 3042 videtu

199 3081 261 3122 esse
279 3069 379 3122 contre
398 3061 537 3158 Spiritum
559 3071 722 3144 peecatum,
753 3065 797 3124 cui
827 3065 857 3124 in
886 3071 1055 3146 perpetuum
1084 3066 1177 3124 venia
1267 3067 1307 3116 lu·

199 3137 360 3221 Responsio
380 3142 467 3202 lacrlis
487 3151 544 3214 eet,
564 3142 731 3222 generaliter
749 3144 927 3222 pronumlari
948 3143 982 3204 de
1001 3142 1152 3218 ememus,
1173 3081 1307 3226 qum*

198 3222 252 3290 eim
271 3221 300 3280 in
321 3222 427 3282 multos
447 3225 594 3302 competit.
634 3221 711 3302 Ergo
729 3242 789 3282 non
807 3224 846 3282 ita
867 3241 970 3303 corpus
980 3223 1091 3304 populi
1116 3221 1227 3284 rebelle
1248 3221 1308 3280 dixit.

199 3299 270 3382 quin
294 3299 404 3378 aliquos
428 3303 589 3381 exciperet:
620 3301 719 3364 deinde
748 3321 832 3384 supra
861 3303 982 3382 exposui
1010 3303 1128 3382 qualem
1157 3299 1308 3362 resistatiae

198 3381 322 3461 speeiem
340 3381 397 3439 illic
414 3381 577 3454 damnaret:
608 3383 794 3462 nequeenim
813 3383 1109 3462 ,protinussequitnm
1141 3383 1173 3442 in
1191 3381 1309 3476 spiram

199 3466 328 3522 sanetum
349 3477 479 3539 peceare,
503 3462 553 3539 qsri
579 3461 613 3520 od
634 3468 747 3540 tempus
769 3460 811 3522 illi
836 3469 1003 3541 repugnent.
1043 3459 1144 3538 Qum
1171 3455 1308 3543 peona:

198 3536 393 3602 statuetlleee
413 3539 468 3598 illis
488 3546 650 3618 peecatum,
670 3539 726 3600 hoo
745 3540 882 3619 intelligit,
902 3561 939 3602 ne
959 3548 1055 3602 reatus
1074 3543 1103 3600 in
1124 3541 1181 3602 illie
1201 3539 1309 3600 residat·
1343 3559 1344 3598 l

278 3620 343 3678 Iloc
362 3622 440 3680 dicto
460 3621 639 3682 obdormierit.
679 3617 743 3682 ttoo
766 3619 892 3680 additum
917 3627 975 3692 est,
1006 3627 1040 3680 ut
1056 3622 1196 3694 sdemne,
1225 3617 1309 3678 editoe
1343 3605 1344 3667 l

195 3699 272 3762 inter·
297 3698 410 3756 rdtirnos
434 3697 549 3778 spiritus
573 3699 659 3758 luisse
683 3717 786 3760 rocem
810 3699 903 3760 idam:
934 3700 1013 3779 qnod
1036 3701 1127 3760 mirae
1153 3699 1309 3760 conanae

197 3777 399 3838 docrrmentnm
419 3783 471 3836 est
516 3775 663 3838 Placidum
693 3779 769 3838 enim
797 3779 886 3840 etiarm
910 3782 1011 3840 mortis
1040 3799 1129 3859 genus
1157 3785 1242 3840 notat
1262 3777 1310 3836 dee

196 3855 288 3919 mitio.
325 3853 385 3915 lam
404 3857 471 3936 qaia
491 3856 676 3916 moribundus
693 3855 771 3918 hanc
789 3855 981 3938 precationem
1004 3860 1149 3940 concepit,
1177 3877 1240 3918 non
1260 3874 1309 3936 spu

196 3935 402 4014 hnpetraedee·
416 3937 515 3998 veniae
538 3937 632 4017 ipsum
660 3936 776 4016 agebat,
807 3944 841 3996 nt
868 3943 1017 4018 tantopere
1046 3937 1083 4000 de
1112 3937 1239 3999 hoetrhns
1265 3934 1309 3994 eds
1342 3951 1343 4016 ,

196 4012 356 4082 mellendis
382 4016 484 4076 anxins
508 4022 596 4088 esset,
626 4016 676 4074 sed
691 4089 694 4096 Ι
707 4021 819 4076 tontum
847 4023 880 4079 ut
908 4019 1113 4100 resipiscerent.
1150 4015 1310 4080 lter-und
1342 4019 1343 4099 l

197 4089 316 4150 verbum
336 4111 427 4168 quum
445 4113 499 4171 pro
519 4091 592 4154 Mori
612 4095 724 4174 capitur
741 4095 771 4156 lu
789 4093 951 4190 Scriptura,
977 4097 1016 4157 ad
1038 4116 1142 4180 eorpus
1159 4097 1255 4160 retum
1272 4095 1308 4152 lt·

197 4164 264 4224 het:
292 4186 329 4226 ne
349 4169 498 4244 quiscum
516 4172 635 4234 indoctis
655 4171 815 4236 hominibus
835 4174 951 4237 ndiorle
970 4175 1074 4260 lingat,
1102 4179 1208 4240 animae
1238 4176 1309 4236 dhre

122 4249 125 4258 ’
197 4243 327 4300 dormire.
