2754 4864
542 199 732 270 CAPUT&
836 218 841 224 ·
1132 216 1192 280 195
1248 169 1256 188 x

64 317 185 383 tumelia¹
197 315 293 398 sperni
313 315 446 412 ministri,
470 317 547 399 apud
571 339 644 400 quos
663 318 782 382 verbnm
800 337 885 380 suum
904 322 1045 404 deposuit.
1083 324 1194 411 interea

66 397 224 481 probandos
247 415 312 456 esse
331 403 447 476 sprntns
466 398 570 474 tamor,
590 419 627 460 ne
649 400 797 467 audiamus
817 400 926 481 absque
944 402 1054 464 deiectu
1095 408 1192 468 aienn-
1272 445 1275 450 -

67 498 124 634 ppo
148 497 178 538 se
201 474 308 535 Christi
331 477 476 538 ministras
499 477 665 539 obtendunt
711 477 770 540 Sed
795 482 861 560 quia
886 479 957 541 fides
976 501 1013 542 cx
1033 427 1131 548 andra
1150 493 1194 556 est

111 579 165 618 orn.
184 559 232 630 10,
253 555 334 642 sti),
358 575 443 614 nemo
463 555 582 618 adeam
601 561 762 641 perveniet,
786 559 835 641 qui
855 557 982 622 Verbum
1001 562 1195 644 praedicatum

65 643 175 720 respuet
193 642 282 721 atque
301 633 506 720 aspernabitur.
931 699 954 716 μ

154 791 183 860 7.
228 779 406 885 Postquam
434 815 510 860 vero
539 789 613 858 abiit
634 773 789 890 Angelus,
817 796 872 886 qui
894 795 1043 866 Cornelio
1064 795 1197 888 lqdutq'rs

67 897 353 983 restitissemus
376 897 457 964 duo's·
480 921 521 966 ex
543 899 643 966 servis
664 900 740 982 suis,
763 909 795 968 et
815 901 947 971 militem
969 903 1059 994 pium
1080 929 1122 973 ex
1139 906 1198 989 his,

68 1005 124 1096 qui
146 1003 203 1070 sibi
225 1001 382 1072 astabantr'
396 1005 432 1070 ’8.
445 1003 553 1088 Quum
575 1003 776 1095 exposuisset
798 1007 843 1073 eis
867 1009 982 1091 omnia,
1000 1005 1089 1086 misit
1109 1011 1198 1102 ipsos

67 1113 197 1201 loppen.
246 1107 277 1175 9.
293 1098 454 1176 Postridie
476 1113 570 1206 vero,
598 1119 699 1200 qnu'm'
726 1107 770 1196 illi
792 1107 1063 1195 iteriaeerent'et
1084 1139 1198 1207 appro-

77 1218 264 1308 pinquarent
290 1215 374 1297 urbi,
401 1215 541 1284 aseendit
561 1215 672 1284 Petms
700 1216 734 1284 in
756 1217 913 1310 fastigium
935 1221 1050 1308 domus
1072 1221 1112 1288 ad
1133 1245 1200 1312 pre·

52 1322 202 1390 endum
229 1319 348 1388 circiter
373 1321 485 1390 horam
512 1331 667 1408 sentams¹
690 1323 741 1389 10.
763 1321 841 1392 Erat
862 1334 968 1392 autem
989 1325 1124 1393 ieiunus.
1144 1326 1202 1393 Ita

68 1454 132 1519 que
163 1425 264 1494 votur
296 1437 429 1518 gustare.
484 1425 605 1495 Interea
638 1439 745 1518 autern
778 1429 856 1496 dum
886 1430 1056 1520 parabant,
1088 1429 1201 1502 cecidit

67 1557 164 1625 super
189 1534 422 1603 curamentis
447 1555 609 1602 excessusr
660 1535 711 1600 11.
741 1533 834 1602 Videt
855 1536 981 1604 coelum
1003 1547 1147 1634 apertum
1168 1547 1203 1606 'et

69 1661 127 1709 vas
160 1638 482 1734 descendens'snper
503 1654 553 1722 se',
579 1637 677 1705 instar
706 1637 792 1706 lintei
814 1641 928 1730 magni,
950 1652 1086 1732 quatuor
1106 1629 1202 1721 initiis

73 1747 220 1840 ligatum,
242 1729 290 1836 [eti
316 1745 504 1834 recumbens
531 1743 564 1810 in
592 1753 680 1821 terra.
726 1743 779 1810 12.
807 1743 843 1824 [n
875 1767 956 1834 quo,
975 1743 1077 1819 crant¹
1097 1749 1203 1840 omnia
1271 1827 1275 1838 ,

69 1851 281 1944 quadrupedia
294 1861 414 1919 ,terrae
448 1857 491 1932 et!
512 1851 596 1918 serae
628 1859 661 1917 ct
698 1849 818 1940 reptilia
856 1859 889 1918 et
925 1851 1085 1922 volucres.
1112 1853 1204 1922 coeli.

71 1960 127 2026 13.
158 1957 201 2024 Et
222 1957 281 2024 fuit
308 1967 375 2024 tux
402 1955 561 2038 adeum,
592 1953 695 2046 Surge
721 1953 829 2040 Petre,
861 1965 1028 2054 mactaset
1061 1960 1204 2026 comede.

74 2057 130 2132 14.
150 2061 262 2132 Petrus
285 2061 501 2145 antem'dixit,
522 2059 747 2152 Nequaquam,
768 2061 924 2132 Dominer
937 2047 1205 2156 'quianunqusm

70 2169 196 2260 comedi
218 2166 387 2260 quiequam
409 2189 580 2238 commune
602 2167 654 2236 vel
674 2167 891 2236 immundum
910 2169 962 2236 15.
983 2166 1028 2235 Et
1048 2191 1115 2236 vox
1135 2193 1204 2236 rur·

69 2300 129 2344 sus
150 2275 190 2342 ad
211 2267 286 2342 eum
308 2275 465 2358 secundo,
487 2274 576 2359 Quae
599 2271 690 2340 Deus
711 2273 882 2358 mundavit
903 2284 940 2340 tu
960 2297 1003 2341 ne
1025 2276 1205 2342 communia

69 2381 178 2456 facias,
204 2379 256 2448 16.
271 2373 470 2456 Hoe'autcm
491 2377 602 2450 reddit
622 2389 679 2463 ter,
702 2389 734 2448 et
755 2389 1048 2476 rursus-receptum
1069 2379 1127 2448 suit
1147 2403 1205 2449 vas
1283 2419 1289 2440 ι

71 2486 271 2557 meretum.
1076 2505 1078 2510 '

149 2631 191 2700 ,7.
209 2633 284 2692 Post
321 2657 370 2697 orn
389 2616 456 2696 uero
467 2635 538 2694 atra
553 2635 685 2716 augelus
705 2631 761 2692 Hie
771 2637 866 2692 narrat
874 2630 967 2693 Lucas
1017 2639 1207 2714 amprompta

75 2709 248 2772 Comaiiio
303 2711 386 2772 'entia
410 2713 503 2774 tuerit
549 2709 674 2791 Quando
698 2731 735 2772 ne
764 2719 910 2772 momento
932 2715 1050 2794 quiem
1070 2713 1208 2794 temporis

73 2797 235 2866 cunctatur,
254 2793 324 2871 quin
343 2791 443 2852 sedulo
463 2793 548 2868 faciat
567 2792 643 2874 qnod
664 2791 757 2852 iussus
776 2798 828 2852 est
853 2791 928 2852 Hine
947 2798 1043 2853 autem
1062 2799 1122 2852 tam
1139 2792 1207 2853 faei-

72 2873 109 2932 l'rs
128 2871 335 2954 promptitudo,
355 2871 433 2951 quod
452 2871 538 2934 fidem
557 2872 738 2952 promissioni
758 2869 866 2946 habuit,
885 2873 970 2932 sicuti
988 2879 1103 2934 nostrae
1119 2872 1208 2933 adse·

96 2951 224 3012 nendum
241 2949 338 3011 Deum
357 2951 498 3015 tarditatis
518 2971 603 3010 causa
623 2958 666 3010 est
685 2951 874 3012 incredulitas.
908 2949 974 3012 Non
993 2953 1128 3012 advolant
1146 2951 1210 3030 qui·

71 2973 143 3092 dem
162 3031 199 3092 ad
218 3051 273 3095 aas
293 3031 384 3111 angeli
403 3049 419 3090 e
440 3031 536 3106 coelo,
555 3036 588 3090 ut
609 3035 701 3089 certos
720 3029 803 3088 nobis
824 3030 952 3090 homines
972 3030 1133 3110 designent,
1158 3027 1209 3090 sed

72 3111 207 3172 omnium
225 3107 340 3170 auribus
359 3110 409 3170 illa
419 3107 526 3170 Christi
545 3129 605 3168 vox
624 3109 745 3178 insonat,
765 3105 902 3184 Quaerite
921 3115 951 3167 et
969 3106 1126 3182 invenietis,
1147 3108 1210 3188 pul-

72 3197 139 3250 sate
147 3195 176 3249 et
185 3189 333 3270 aperietur
346 3189 427 3250 vobis
447 3187 602 3266 (sturme,
621 3187 676 3256 7.).
698 3185 758 3264 Qui
777 3185 819 3261 fir,
839 3193 873 3246 nt
891 3187 942 3245 vix
962 3206 999 3246 ex
1009 3193 1125 3248 eentum
1134 3205 1209 3246 uuus

72 3277 108 3332 et
134 3270 206 3341 alter
229 3269 331 3365 pedem
350 3275 498 3340 moueant.
528 3273 562 3326 ut
580 3267 626 3326 alii
646 3266 722 3326 teuto
741 3265 877 3345 reptando
896 3272 956 3324 tam
975 3284 1076 3346 pamm
1095 3283 1211 3345 promo·

72 3353 175 3424 vemt,
192 3349 247 3409 nisr
265 3349 331 3428 quia
350 3347 531 3430 promissioni
549 3366 608 3405 non
632 3345 705 3404 serio
725 3345 884 3405 eredimus?
902 3343 1054 3404 Discarnus
1073 3363 1211 3425 organon

70 3447 141 3490 esse
161 3429 434 3508 procrastinandum,
454 3428 523 3508 quin
542 3425 637 3486 audita
656 3423 713 3484 Dei
737 3442 809 3484 voce
833 3430 948 3484 strenue
967 3419 1089 3505 quisquo
1106 3442 1210 3506 prope-

71 3516 121 3570 ret
136 3528 202 3588 quo
222 3515 351 3569 vocatur.
391 3579 393 3586 Ι
605 3533 607 3538 ·
802 3505 806 3515 “

158 3589 247 3648 Duos
270 3609 308 3649 ee
331 3597 420 3650 seruis
444 3593 516 3646 suis.
555 3583 620 3646 Hoc
643 3583 803 3664 diligentiae
822 3603 891 3644 suae
909 3585 940 3644 iu
958 3582 1065 3644 familia
1084 3581 1212 3644 docenda

71 3668 240 3749 praemium
262 3668 359 3728 retulit
382 3666 545 3740 Cornelius,
575 3665 653 3760 quod
677 3663 750 3724 {idos
775 3663 874 3725 habuit
902 3661 1078 3728 tumuisset
1096 3663 1212 3744 probos,

72 3747 132 3825 qui
151 3745 271 3808 libenter
289 3765 371 3808 suem
390 3748 431 3808 illi
451 3764 567 3828 operam
586 3743 791 3825 rmpeuderent,
810 3743 913 3824 quibus
932 3745 1018 3804 etiam
1036 3749 1100 3804 tuto
1115 3747 1213 3823 posset

72 3825 196 3906 quidvis
214 3827 399 3888 committere.
420 3825 528 3886 Contra
536 3821 679 3884 Dominus
699 3843 783 3904 saepe
802 3825 881 3884 iustis
901 3825 1000 3906 poeuis
1009 3822 1154 3897 ulciscitur
1163 3819 1213 3881 do·

69 3906 184 3980 minos,
203 3905 307 3987 quibus
325 3905 405 3967 nulla
423 3903 612 3966 instituendae
631 3903 753 3963 familiae
773 3902 841 3964 euru
859 3904 922 3982 suit.
942 3901 1016 3963 Nam
1026 3923 1099 3984 quos
1108 3901 1144 3962 ad
1154 3901 1212 3982 pie·

69 3993 170 4048 tatem
189 3993 219 4046 et
238 3987 370 4048 timorem
378 3985 436 4052 Dei
453 3987 576 4046 formare
595 3983 790 4064 neglexerunt,
809 3983 874 4044 illos
887 3984 1013 4044 vicissim
1027 3975 1213 4042 sibiimmori·

68 4065 336 4207 Βετοιὴἷιιὶιυῦᾱῡε
355 4059 1216 4224 ωεῑίῒοὸευῑίυιιὶῗῑφιε,ἷῑίιιηιιιιιυῑυιιηῑεδιεῧξιιξηρὲνὲἀτίἓὶ

208 4154 293 4206 “em
346 4155 412 4208 'urm
483 4165 552 4204 uum
611 4163 628 4203 e
656 4162 736 4202 mres
797 4163 830 4203 us
860 4163 997 4204 eonsueu
1018 4162 1070 4202 rnre
1119 4161 1171 4202 ae

68 4245 149 4286 eum
178 4171 443 4303 comeliofnitlum
478 4225 563 4286 etiam
591 4221 649 4282 Dei
677 4163 785 4283 timoris)
810 4229 844 4282 ut
868 4242 935 4282 suos
964 4219 1134 4282 domesticos
1163 4221 1216 4280 tm*

67 4303 193 4366 buerat.
242 4303 298 4366 Hie
326 4305 463 4368 memoria
486 4310 614 4386 repetere
633 4301 866 4382 eonvenitquod
885 4303 963 4383 prius
982 4301 1076 4383 attigi,
1103 4299 1216 4365 nultum

67 4401 145 4445 esso
173 4386 252 4448 virae
280 4405 370 4468 genus
399 4384 478 4468 quod
505 4403 559 4445 nos
588 4388 719 4458 excuset,
749 4383 819 4462 quin
840 4402 914 4526 ppqe
933 4380 1030 4443 Deum
1048 4401 1102 4442 nos
1121 4379 1215 4440 celero
