2700 4844
448 207 578 274 CAPUT
595 203 734 272 XXVlll
1101 209 1159 273 tus

59 327 129 394 Vade
146 326 181 394 ad
201 321 359 417 populum
378 321 483 406 istum,
505 332 538 390 et
559 321 617 403 dic,
639 319 777 391 Auribus
799 318 947 388 autliefisr
968 329 1002 388 et
1020 305 1145 388 nonin

55 432 187 523 telligetis:
208 441 241 500 ct
261 425 402 500 videntes
423 428 576 511 videbitis,
598 437 630 496 et
650 448 719 494 non
741 425 944 518 perspicietis.
966 425 1019 494 27.
1042 426 1162 494 Incras-
1226 495 1230 505 ,

54 547 196 605 satumest
218 537 301 606 enim
323 559 378 604 cor
399 534 510 626 populi
526 533 631 618 huius,
652 543 685 600 et
700 531 827 601 auribus
842 531 976 624 graviter
988 531 1162 618 audierunt,

53 653 83 712 et
107 642 207 710 oculos
232 665 310 710 suos
337 649 605 731 compresserunt,
637 661 678 705 ne
701 638 828 728 quando
849 638 976 706 videant
999 637 1107 720 oculs,
1129 648 1163 707 et
1284 631 1291 638 ’

51 749 161 816 auribus
181 745 315 830 audiant,
337 755 370 814 et
390 746 484 814 corde
505 743 669 836 inligant,
692 753 723 810 et
746 753 977 828 convertantur,
1000 754 1031 812 et
1052 767 1163 812 sanem

49 877 109 922 eos.
148 843 342 922 tstotum
369 876 443 944 ergo
466 851 506 918 sit
526 852 590 918 hoc
610 849 717 932 iobis,
746 848 832 940 quod
854 849 1015 938 Gentibus
1029 851 1163 931 missum
1258 911 1261 917 .

48 971 94 1028 est
115 960 170 1028 hoc
190 958 323 1028 salutare
344 957 421 1040 Dei,
449 968 481 1025 et
501 955 561 1047 ipsi
582 956 717 1024 audient
761 955 816 1022 29.
838 955 948 1040 Quum
969 957 1048 1026 haec
1069 957 1165 1024 dixis·

46 1077 104 1149 set,
126 1065 263 1154 erierunt
284 1065 323 1130 ab
345 1063 501 1132 eoludaci
522 1061 653 1130 multam
675 1061 826 1128 hahentes
848 1059 930 1130 inter
950 1085 985 1130 se
1009 1063 1164 1154 'disrepta

46 1172 164 1240 tionem.
212 1171 266 1238 30.
289 1168 406 1236 Mansit
431 1179 538 1240 autem
559 1165 676 1234 Paulus
703 1166 832 1236 biennio
859 1167 986 1242 totuin
1007 1191 1068 1236 suo
1091 1165 1165 1238 con·

45 1279 147 1358 ducto,
177 1285 209 1344 et
235 1274 423 1367 suscipiebat
455 1295 585 1358 omnes,
618 1271 673 1363 qui
698 1273 950 1366 ingrediebantur
978 1273 1019 1341 ad
1046 1275 1164 1365 ipsum,

43 1384 94 1453 31.
114 1381 291 1450 Praedicans
312 1403 444 1472 regnum
467 1379 528 1447 Dei
550 1379 938 1470 acdoceds,1quaesunt
960 1380 998 1449 de
1020 1377 1163 1448 Domino

42 1491 122 1574 lesu,
147 1513 219 1558 cum
242 1486 328 1558 omui
348 1483 470 1570 fiducia,
491 1483 619 1554 nemine
640 1483 837 1576 prohibente.
1008 1469 1013 1479 ¹
1045 1485 1046 1488 ’

116 1703 162 1766 25.
181 1705 266 1764 Inter
283 1725 314 1764 se
333 1703 487 1782 discordes.
507 1699 571 1764 lloc
590 1699 680 1762 elficit
700 1699 857 1764 infidelium
876 1701 1166 1784 maiitiaetpraviras,

40 1791 73 1844 nt
91 1781 230 1856 Christus,
260 1785 309 1862 qui
333 1799 391 1862 pax
411 1789 455 1842 est
473 1789 571 1843 nostra
590 1789 620 1842 et
639 1783 770 1856 unicum,
796 1787 910 1840 sancus
929 1783 1046 1842 unitatis
1065 1783 1164 1841 viucu-

41 1865 114 1935 lum‚
134 1860 235 1922 dissidii
255 1867 292 1921 sit
311 1864 423 1922 occasio
442 1869 473 1922 ct
491 1863 522 1922 in
541 1869 684 1922 sedamen
704 1861 848 1934 comittat,
868 1860 918 1938 qui
937 1861 1016 1940 prins
1036 1865 1164 1920 mutuam

37 1946 110 2004 inter
128 1962 157 2002 se
176 1943 327 2002 amicitiam
347 1941 486 2002 colebant.
516 1939 592 2001 Ecce
610 1941 686 2001 enim
706 1941 775 2000 dnm
795 1939 830 1998 ad
851 1937 972 2016 Paulum
992 1939 1166 2020 audiendum

38 2024 205 2084 conveniunt
214 2020 320 2092 ludaei,
339 2021 415 2081 idern
435 2020 566 2081 omnibus
585 2039 694 2096 sensus,
714 2019 812 2080 eadem
833 2037 905 2077 vox:
926 2019 1096 2100 profitentur
1106 2041 1165 2080 onr-

35 2121 95 2173 nes,
115 2121 145 2160 sc
162 2100 268 2183 Legem
286 2098 373 2160 lilosis
393 2103 534 2184 amplecti.
569 2099 677 2161 Audita
695 2099 931 2160 reconciliationis
952 2100 1078 2159 doctrina
1099 2109 1167 2159 exo·

34 2184 107 2241 ritnr
130 2183 202 2241 inter
226 2199 278 2240 eos
305 2179 455 2255 dissensio,
485 2187 514 2240 ct
537 2181 717 2240 indiversus
737 2185 831 2260 partes
850 2177 1023 2238 scindantur.
1063 2175 1165 2259 Neque

33 2269 128 2321 tamen
147 2259 304 2341 putandum
322 2265 375 2336 eat,
395 2259 431 2320 ab
452 2259 600 2342 Evangelii
613 2259 827 2341 praedicatione
846 2257 970 2338 incipere
990 2257 1167 2317 discordiam.

33 2339 84 2399 sed
113 2340 239 2398 simultas
268 2357 342 2418 quae
372 2340 450 2420 priua
474 2342 504 2400 in
530 2339 662 2400 cordibus
686 2338 820 2419 malignis,
834 2336 941 2397 latebat
959 2344 1030 2397 tnnc
1049 2337 1164 2397 demum
1252 2345 1257 2352 '

32 2419 162 2498 emergit:
185 2419 268 2477 sicuti
288 2437 379 2479 novos
399 2419 510 2480 colores
528 2438 589 2480 non
607 2419 717 2479 inducit
736 2417 805 2477 solis
823 2417 927 2498 fulgor,
947 2417 996 2476 sed
1016 2411 1167 2476 discrimen

33 2499 117 2580 qnod
138 2501 166 2557 in
186 2495 310 2556 tenebris
329 2499 441 2558 nullum
460 2505 519 2560 erut
538 2500 634 2580 palam
653 2498 753 2580 aperit.
784 2495 861 2576 Ergo
881 2516 970 2576 quum
990 2497 1169 2592 peculiariter

31 2580 140 2638 electos
161 2595 227 2636 suos
249 2575 327 2636 Dens
346 2577 497 2655 illuminet,
515 2597 570 2639 uec
589 2577 660 2639 lidos
679 2579 807 2638 omnium
827 2579 864 2636 ait
878 2595 1050 2646 communis,
1069 2591 1168 2637 memr'·
1289 2577 1293 2585 '

28 2659 157 2718 norimus
181 2655 243 2714 lieri
268 2655 350 2716 aliter
374 2677 433 2718 non
452 2677 552 2740 posse,
583 2659 653 2740 quin
673 2656 769 2718 oblato
788 2658 819 2718 in
838 2655 964 2716 mentm
985 2655 1100 2716 Christo
1121 2655 1168 2716 alii
1273 2689 1277 2694 -

27 2737 67 2796 ab
88 2737 149 2794 aliis
169 2733 326 2794 discedant:
345 2737 395 2797 soll
413 2745 484 2806 tunc
502 2741 533 2800 in
552 2745 679 2800 mentem
697 2739 802 2814 veniat,
821 2737 934 2818 impleri
955 2735 1034 2818 qnod
1054 2739 1089 2796 dc
1104 2737 1168 2816 ipso

25 2815 173 2898 praedixit
181 2813 307 2890 Simeon,
326 2815 563 2880 contradictionis
583 2837 632 2879 aco
653 2839 704 2878 um
723 2837 793 2892 esse,
813 2823 845 2877 nt
864 2822 1027 2897 retegantur
1045 2833 1082 2877 cx
1095 2814 1168 2876 mul·

25 2897 64 2954 tis
85 2893 219 2954 cordibus
239 2896 422 2974 cogitationes
441 2897 530 2975 (Luc.
550 2904 585 2972 2,
605 2840 652 2961 ap
673 2897 756 2975 35.),
779 2903 809 2957 et
826 2896 1067 2974 incredulitatem,
1092 2913 1166 2977 quae

24 2975 94 3034 Deo
114 2973 228 3032 rebellis
247 2979 301 3048 est,
320 2993 381 3033 esse
401 2976 508 3036 dissidii
526 2985 658 3038 mamm

107 3055 277 3134 Postquam
307 3053 428 3114 dtetsset
452 3059 597 3116 Pactam·
622 3052 766 3133 Principio
783 3051 896 3112 leniter
925 3058 955 3112 et
983 3051 1095 3134 placide
1119 3053 1198 3112 eos‘

23 3134 145 3196 allicere
169 3139 288 3228 conatus
311 3138 377 3226 ost,
395 3151 475 3228 nuuc
499 3151 600 3194 eorum
625 3132 814 3192 obstinatione
839 3137 985 3226 comperta
1008 3133 1099 3191 acrius
1127 3133 1169 3192 in·

23 3209 1170 3380 itteris‚Dtttti¹¹littifttmlttdtst¹ttttmittit

23 3374 140 3433 Eadem
170 3369 367 3438 etiumsnobis
395 3373 517 3448 tenenda
547 3379 590 3432 cst
619 3373 707 3445 ratio,
733 3377 777 3431 nt
809 3370 916 3430 dociles
947 3377 977 3431 et
1006 3373 1170 3430 mansuetos

23 3453 134 3514 blande
154 3461 302 3531 regamus,
326 3451 501 3534 praefractos
520 3459 616 3512 antem
636 3453 754 3511 citemus
774 3451 810 3511 ad
829 3449 889 3510 Dei
907 3449 1040 3510 tribunal.
1081 3447 1169 3527 Quod

23 3533 174 3612 Spiritum
199 3537 329 3590 sanctum
353 3531 518 3611 loquentem
551 3532 660 3592 inducit
684 3533 779 3612 potins
804 3549 900 3612 quam·
916 3528 1104 3611 Prophetarn,
1135 3529 1171 3588 ad

23 3613 116 3672 iidem
139 3609 250 3680 oraculi
268 3610 359 3670 valet:
379 3631 447 3672 narn
467 3631 556 3692 mum
575 3610 657 3672 Deus
677 3629 709 3670 se
728 3631 817 3672 unum
837 3611 929 3670 audiri
970 3610 1091 3683 ustulat,
1111 3627 1171 3668 non

23 3693 110 3752 aliter
136 3696 235 3770 potest
259 3697 388 3752 constare
412 3691 568 3752 doctoritae
594 3692 762 3768 auotoritas,
791 3710 878 3772 quam
898 3692 922 3750 si
941 3631 977 3751 alr
996 3709 1031 3750 eo
1052 3690 1172 3750 adamus

23 3771 193 3853 prolectam
217 3789 294 3842 csse,
323 3791 381 3830 non
405 3771 436 3831 iu
458 3769 609 3832 bominum
633 3771 725 3852 eapite
744 3777 860 3844 natama
884 3771 985 3830 nunde
1004 3765 1171 3840 subindicat,

23 3851 85 3910 nori
111 3851 202 3910 unius
225 3855 338 3909 tantem
361 3851 465 3911 saeculi
489 3851 675 3932 pervicaciam
698 3849 758 3912 illic
776 3849 883 3926 notari,
912 3849 963 3913 sed
987 3850 1018 3909 iu
1042 3849 1170 3910 fumeum

23 3939 145 4011 tempus
170 3929 287 3990 extendi
306 3928 430 4010 Spiritus
449 3931 605 3992 oraculum.
720 3927 723 3934 ’
862 3927 864 3938 “

106 4011 161 4072 26.
188 4009 273 4069 Vnde
291 4011 333 4070 od
349 4013 490 4090 poputum
510 4019 671 4090 tatametc.
717 4006 846 4070 Celebris
865 4015 910 4069 est
928 4006 976 4069 lric
992 4007 1087 4078 locus,
1106 4005 1173 4088 quia

23 4090 124 4152 sexies
158 4089 264 4148 citatur
292 4091 322 4148 in
349 4109 427 4150 novo
446 4089 641 4152 Testamurtoa
671 4088 721 4152 sed
745 4093 813 4171 quia
836 4089 902 4150 alibi
927 4090 957 4149 in
977 4089 1065 4150 alium
1084 4086 1170 4147 linem

23 4170 203 4243 adducitur,
231 4167 387 4230 tenendum
410 4176 466 4245 cst,
495 4189 554 4251 quo
579 4170 697 4231 consilio
717 4167 827 4251 Paulus
851 4169 884 4228 sd
903 4173 1080 4251 praesentem
1105 4187 1171 4228 cau-

23 4271 89 4310 sam
112 4249 327 4320 acconnnodat.
367 4247 476 4331 Nempe
500 4249 592 4310 voluit
614 4250 671 4312 hoc
695 4253 777 4334 quasi
799 4249 904 4312 malloo
928 4249 1101 4323 contundere
1117 4249 1172 4322 ,im-

23 4331 153 4411 piorum
174 4327 328 4406 duritiam,
346 4327 475 4393 lidelibns
494 4323 603 4412 auum,
622 4331 675 4412 qui
686 4331 784 4395 teucri
802 4329 896 4392 adhuc
913 4335 944 4394 et
961 4327 1065 4392 debiles
1084 4329 1175 4401 eraut,
1247 4377 1256 4388 s
