2810 4850
580 245 706 310 corut
732 249 752 308 1.
1210 265 1230 322 3

82 365 181 440 inimo,
196 365 253 425 nisi
272 381 332 447 pro
354 361 404 422 ria
426 361 567 442 quaedum
587 362 627 422 ilii
646 359 823 424 subsistentia
843 364 874 423 tu
893 359 1055 430 Deteret
1094 369 1172 454 Ergo
1190 374 1227 434 ud

84 445 273 506 reifflmdmn
294 443 318 503 S
380 441 426 500 liii
443 461 571 502 errorem
589 433 666 502 vaiet
684 443 731 504 hio
748 443 839 519 totus,
859 445 928 524 quia
948 449 1068 510 ostendit
1085 447 1226 514 Filinma

17 555 18 576 2
86 523 168 586 Pam
186 525 320 588 differre.
353 521 421 580 lam
437 519 582 594 admotam,
602 521 695 584 sobrie
713 524 743 584 'm
762 523 847 584 unos
867 525 977 584 manis
991 529 1150 608 tapierdum
1164 549 1232 592 esse

23 626 28 645 ⁶
86 611 113 664 et
129 604 265 666 modeste
283 599 477 682 loquendum.
506 597 699 662 Excusatione
717 609 812 664 tamen
831 601 909 683 digni
927 611 997 665 snut
1014 613 1120 670 veteres
1128 607 1225 672 Enete.

83 684 142 743 ⁶²⁰
161 685 343 780 esrom,
364 680 743 826 ttttdtmttt
750 683 949 824 dimi
965 683 1224 826 afflue
1259 717 1263 726 ’

83 765 417 922 ἴςιιιιδιιΐιιιιᾝῖἰῑιιε
434 839 530 900 eoacti
547 846 624 914 suut,
644 781 717 922 quie
731 781 983 904 mmmmm
997 788 1224 926 sonarer'rtr'ffi

84 921 175 1002 qnod
193 917 312 1000 alioqui
329 915 519 998 ioSoeiptm-is
537 919 667 980 traditur.
692 919 763 982 tae
780 921 960 1002 hypostaseia
978 921 1025 982 vel
1129 944 1180 984 uas
1197 928 1226 988 in

87 1019 154 1060 una
175 1007 209 1061 et
227 1000 281 1060 sim
303 997 347 1058 tiri
363 994 421 1058 Dei
438 999 563 1059 essentia
580 997 695 1060 subesse
712 1000 856 1083 dixerunt,
899 997 1011 1062 Nomen
1057 1009 1228 1084 ypostaseos

88 1081 192 1162 primo
211 1079 247 1138 ad
289 1077 403 1140 ebraeus
417 1077 521 1158 mpite,
539 1077 570 1137 iu
584 1097 619 1138 oo
633 1097 717 1140 sensu
731 1079 859 1154 habetem,
879 1079 1229 1144 ensmemttaenomen

91 1157 258 1240 respondet,
278 1165 313 1217 nt
327 1158 450 1216 sumitur
464 1156 542 1238 apud
551 1156 698 1220 Hilarium.
730 1157 778 1221 Tei
794 1157 921 1237 πρόσωπα
939 1159 986 1221 vel
997 1179 1226 1242 personasvoou-
1340 1227 1345 1234 ,

89 1245 160 1298 runt
178 1238 320 1299 diesem
338 1237 369 1297 in
387 1234 455 1296 Deo
474 1239 671 1318 proprietates,
784 1255 815 1297 se
833 1237 975 1299 mentibus
993 1241 1096 1300 nostris
1115 1241 1225 1323 conspi-

88 1317 206 1380 ciendas
230 1317 371 1378 offerunt.
422 1313 675 1394 Quemadmodum
717 1319 766 1378 icit
784 1315 938 1399 Gregorius
956 1316 1164 1396 Nazianzenus,
1193 1341 1225 1382 se

88 1417 262 1539 iffi
278 1415 370 1536 ”ii
388 1397 517 1535 “tit
528 1395 1224 1554 ffl2i⁰dm¹¹i²s⁰¹i⁰iiifi¹di⁰ie⁶ffiii

91 1558 171 1618 elme
188 1519 292 1618 amerit
310 1575 373 1616 esse
418 1573 493 1614 eum.
532 1553 593 1616 lam
612 1576 703 1637 quum
716 1556 818 1616 uniens
832 1557 868 1615 sit
881 1555 972 1631 Dens,
991 1498 1137 1619 diriorum
1151 1559 1223 1620 eius·

93 1637 159 1698 dem
177 1655 242 1698 esse
262 1655 331 1696 enm
349 1633 435 1705 Patre
453 1635 606 1710 essentiae,
631 1643 660 1696 et
677 1644 773 1696 tamen
791 1635 822 1694 in
841 1635 937 1717 aliquo
958 1637 1069 1700 differre
1088 1639 1222 1718 seqnitur.

97 1713 158 1776 Sed
176 1715 213 1776 ds
229 1715 290 1776 hoe
307 1713 432 1775 morando
451 1713 581 1774 membro
603 1715 661 1776 iem
686 1716 793 1775 dietum
816 1721 867 1775 est.
918 1713 1007 1794 Quod
1029 1715 1065 1777 ad
1088 1719 1224 1778 essentim

98 1953 157 2014 tet
196 1953 259 2015 Nos
284 1894 380 2016 aniz
394 1891 497 2032 οιῗιῗιὲ
513 1915 642 2013 addimus
661 1893 936 2016 &ffleduqiuisse
953 1893 1225 2048 mammam&

105 2032 184 2110 quud
200 2033 238 2093 de
256 2039 368 2094 aeterna
384 2032 458 2092 iilius
477 2033 597 2092 essentia
615 2051 661 2092 am
682 2033 736 2095 lius
755 2051 921 2094 moveamus
940 2034 1181 2094 eontroversumi

187 2115 218 2173 2.
246 2115 305 2172 Hic
323 2120 384 2172 erut
402 2119 434 2171 tn
490 2119 497 2136 ·
538 2120 545 2134 '
569 2121 576 2134 ·
596 2155 604 2171 .
666 2120 678 2171 t
697 2111 840 2192 praedicta
858 2112 1000 2172 mentibus
1017 2113 1122 2173 nosnis
1140 2112 1224 2172 ultius

103 2187 206 2270 infigat
222 2187 305 2250 Em
354 2192 361 2206 '
405 2229 416 2263 ,
443 2133 734 2272 ffluperiora
752 2189 880 2248 membra
897 2191 929 2246 iu
946 2189 1063 2251 brevem
1080 2189 1225 2282 epi105um

99 2289 135 2329 eo
160 2271 167 2284 ’
189 2271 218 2344 't,
242 2289 282 2351 qn
339 2269 425 2330 fuerit
441 2287 562 2351 semper,
585 2275 616 2330 et
634 2267 751 2351 quidem
769 2265 848 2350 apud
864 2263 977 2326 Deum:
1005 2273 1039 2329 ut
1057 2267 1227 2348 prineiprum

95 2350 127 2410 in
178 2351 186 2366 ⁶
255 2349 334 2410 omui
352 2355 482 2430 tonrpore
499 2350 639 2431 superius.

177 2432 208 2492 3e
234 2432 342 2490 onata
351 2453 407 2510 per
420 2437 527 2510 speum
551 2429 608 2492 Ubi
621 2429 790 2494 Sermonem
809 2425 978 2495 essoDenm
995 2425 1116 2490 meruit
1133 2429 1163 2488 et
1181 2444 1226 2488 ee·

97 2514 214 2568 ternam
230 2511 290 2568 eius
308 2509 457 2569 essentiam
476 2510 657 2590 praedicavit,
675 2531 752 2572 nune
770 2511 806 2572 ab
826 2509 961 2593 operibus
975 2510 1150 2571 divinitatem
1164 2507 1226 2569 eius

99 2585 212 2668 probat.
240 2588 339 2668 Atque
356 2587 429 2648 haee
448 2591 572 2669 practica
590 2598 633 2652 est
651 2594 760 2664 notitia,
779 2591 816 2652 ad
834 2611 922 2672 quam
940 2609 994 2651 nos
1012 2588 1163 2672 praeeipne
1182 2607 1225 2648 us·

98 2666 211 2728 mederi
229 2668 371 2728 convenit.
401 2667 526 2749 Frigebit
544 2671 619 2730 enim
638 2671 714 2752 apud
733 2689 786 2732 nos
804 2671 915 2730 nudum
927 2667 984 2730 Dei
995 2688 1101 2730 nomen
1110 2666 1226 2728 Christo

11 2787 12 2790 κ
97 2747 275 2822 attributmn,
293 2747 349 2808 nisi
366 2747 455 2806 talen
474 2767 507 2808 re
524 2749 533 2807 i
604 2749 675 2810 tides
693 2756 791 2812 nostra
809 2765 883 2821 eum·
895 2749 1006 2810 sentiat.
1034 2747 1112 2829 Apte
1130 2752 1226 2806 sutem

98 2827 242 2908 praedicat
260 2826 297 2887 de
316 2827 377 2887 tilio
396 2824 455 2887 Dei
474 2847 515 2908 qu
571 2831 601 2888 iu
620 2831 680 2890 eius
698 2847 850 2912 personam
870 2829 985 2911 proprie
1003 2827 1148 2908 oompetit.
1181 2823 1226 2884 in·

98 2905 211 2968 tadum
239 2907 710 2988 tridemsimpliuiterdiuitPunlus,
725 2910 819 2968 omnia
871 2908 1069 2982 rDeumesse,
1083 2903 1167 2965 Rom.
1179 2907 1226 2966 11.

96 3003 126 3045 v.
143 2988 194 3048 36.
219 2928 284 3048 ded
302 2987 414 3068 quoties
433 2994 613 3068 eomparatur
631 2987 719 3048 Filius
737 3008 804 3048 enm
821 2929 916 3064 Ιξῑιι,
934 2987 989 3049 hae
1006 2991 1076 3048 nuta
1094 2985 1197 3080 didng
1218 2983 1225 2998 '

95 3063 180 3125 solet.
210 3063 310 3144 Quare
328 3065 376 3126 hic
394 3085 458 3126 mos
477 3067 613 3146 loquendi
626 3068 746 3128 usitatus
759 3074 811 3139 ost,
830 3066 944 3129 Patrem
959 3067 1055 3128 omnia
1068 3065 1167 3124 iecisse
1176 3080 1228 3140 per

98 3141 213 3220 Etiam,
231 3153 261 3206 et
279 3143 377 3206 aDeo
467 3147 588 3206 eundem
602 3144 706 3207 Filium
726 3148 821 3210 omnia
834 3167 904 3208 esse.
930 3147 996 3206 idue
1007 3151 1105 3204 autem
1118 3144 1229 3236 spectat

103 3219 300 3305 Evaugdistae
319 3227 395 3286 oous'
409 3225 477 3300 um,
496 3225 583 3304 (sieut
601 3227 682 3306 dixi),
701 3227 778 3308 qnod
798 3227 894 3286 statim
912 3225 948 3284 ab
962 3225 1024 3305 ipsu
1039 3219 1138 3283 mnudr
1152 3237 1228 3278 orea-

107 3301 190 3360 tiouo
206 3301 307 3362 Sumo
323 3302 377 3364 Dei
399 3307 428 3365 in
454 3311 604 3367 externum
628 3315 723 3367 aetum
742 3305 886 3387 prodierit.
925 3301 999 3364 Nam
1040 3321 1109 3362 uum
1127 3301 1157 3360 iu
1176 3316 1228 3358 sua

101 3382 229 3440 essentia
248 3383 327 3462 prius
344 3391 414 3444 esset
432 3385 736 3464 incomprehensibilis,
765 3392 835 3443 tune
857 3384 918 3444 eius
942 3385 987 3444 vis
1010 3403 1026 3442 e
1049 3387 1115 3441 eetu
1134 3378 1229 3460 palum

98 3459 156 3520 init
178 3463 301 3542 cognita.
351 3462 476 3543 Quidam
503 3467 589 3525 etiam
615 3484 652 3526 ux
676 3461 853 3560 philosophis
871 3459 968 3545 Deum
990 3463 1030 3520 in
1053 3459 1230 3519 eonstituuut

11 3599 12 3602 ,
99 3537 417 3619 mundiaroiriteetum,
447 3549 481 3603 ut
498 3551 625 3606 mentem
644 3543 687 3602 illr
705 3544 736 3600 in
755 3537 903 3600 condendo
922 3539 979 3598 hoe
998 3535 1111 3617 opitioio
1132 3533 1229 3625 adiun-

98 3625 178 3699 gam.
217 3619 250 3680 ld
270 3622 384 3701 quidem
402 3630 495 3698 mete,
542 3625 588 3684 nia
607 3624 797 3703 congruenter
816 3637 883 3678 eum
902 3615 1064 3696 Scriptura:
1094 3609 1145 3676 set
1163 3628 1230 3688 quau

97 3719 174 3758 mox
190 3699 220 3760 iu
238 3699 348 3762 frivolis
367 3705 531 3784 cogitationi
552 3723 585 3764 us
605 3705 793 3774 evanescunt,
822 3717 881 3758 uon
900 3701 945 3756 est
963 3713 1015 3754 our
1033 3709 1135 3752 eorum
1152 3690 1229 3768 testi·

97 3778 199 3838 monia
215 3779 317 3861 eupide
337 3790 518 3864 appetamusz
547 3784 617 3863 quin
637 3783 733 3864 potius
752 3778 867 3840 coelesti
884 3776 942 3837 hoo
960 3771 1077 3834 oracqu
1096 3769 1229 3846 contenit,

96 3857 168 3940 pius
185 3861 278 3920 mutto
296 3860 354 3921 dici
372 3863 505 3938 summus,
524 3883 612 3943 quam
630 3881 712 3922 mens
730 3866 828 3921 nostm
847 3857 929 3918 eonoi
949 3855 997 3915 iat.
1013 3855 1064 3916 et
1082 3861 1146 3916 atne
1165 3860 1229 3932 ipso

94 3939 216 4018 suetum
234 3949 279 4000 est
297 3943 389 4014 otitl,
407 3945 487 4024 qnod
505 3951 557 4004 etc.
607 3941 731 4003 Tametsi
754 3939 833 4000 varie
855 3937 904 3998 hie
926 3875 1006 3998 foeno
1030 3933 1146 4018 legitur,
1171 3951 1230 4028 ‘ego

99 4019 287 4078 tammus
311 4022 534 4083 oontroversiam
554 4041 613 4082 uno
633 4025 770 4082 eontextu
788 4020 829 4079 ita
847 4016 925 4100 lego:
950 4015 1070 4076 Factum
1088 4019 1132 4074 est
1150 4007 1230 4083 mhrl,

95 4094 181 4174 quod
197 4095 305 4158 iactum
324 4105 378 4160 est
423 4099 519 4238 difflue
538 4103 568 4162 in
586 4121 623 4163 eu
642 4100 821 4162 consentiunt
840 4115 938 4158 omnes
957 4096 1016 4156 ieae
1034 4092 1137 4184 Graeci
1155 4089 1230 4184 eodi-

96 4191 160 4248 ω,
185 4177 286 4238 saitem
310 4179 404 4260 magis
423 4199 475 4260 pro
495 4187 557 4240 atae
577 4180 759 4244 auctoritatis.
807 4175 920 4240 Deinde
939 4191 1037 4236 senem
1057 4187 1173 4232 ommno
1191 4173 1232 4228 rtu

95 4255 233 4332 posunt
259 4257 322 4337 Qui
340 4259 511 4340 particulam
530 4259 622 4334 istam,
642 4257 731 4338 Quod
749 4257 923 4330 factumest,
942 4254 1106 4331 disiungunt
1119 4265 1136 4306 u
1148 4265 1230 4328 supe·

95 4331 167 4392 riori
184 4338 330 4410 oratione,
355 4345 391 4399 nt
410 4339 446 4399 ad
466 4345 631 4419 sequentem
649 4340 817 4400 seutentiam
836 4339 1002 4408 annectant,
1020 4333 1152 4392 eoactum
1170 4343 1232 4386 teu-
1331 4390 1337 4399 .

97 4431 165 4476 m
183 4415 345 4478 adducunt:
366 4415 456 4497 Quod
475 4419 582 4482 iuotum
602 4425 654 4498 est,
673 4419 704 4480 in
723 4417 786 4501 ipso
806 4421 868 4480 erat
885 4415 954 4490 vita,
973 4411 1030 4550 lio?
1049 4415 1101 4484 est,
1119 4405 1233 4467 vivebat
